1897 3440
673 300 738 315 ,9.
812 281 833 322 ⁷
842 279 866 322 (Ξ
942 301 1004 317 -

121 414 168 461 in
208 412 439 460 omnibus
487 412 701 459 scientiis
746 413 923 457 versati
974 411 1078 457 Viri
1121 414 1255 475 sunt)
1295 415 1526 464 Docenti-

123 482 229 528 buS.
260 479 451 527 Adsunt
483 489 737 545 praeterea
774 489 993 543 quatuor
1027 479 1248 544 Magistri
1283 482 1500 550 Opifices
1521 519 1533 539 ,

120 551 204 614 qui
257 547 442 597 ibidem
494 566 624 596 nunc
674 559 750 598 11.
801 548 994 595 Coecos
1037 546 1354 600 beneficiatos
1403 552 1526 598 Alu-

117 635 290 676 muos,
328 627 378 665 et
405 623 432 664 2
460 616 703 664 Alumnas
732 616 781 660 in
811 615 1008 677 Literis,
1039 615 1245 678 Musica,
1275 631 1325 666 et
1358 617 1519 666 diver-

121 686 188 732 sis
217 685 516 734 Mechanicis
556 681 765 730 Artibus
801 687 1069 731 instruunt.
1117 687 1336 735 Instituti
1379 684 1530 751 hujus

114 769 400 819 supremam
424 753 793 817 Inspectionem
829 752 1079 801 Serenitas
1117 754 1218 803 Sua
1261 756 1531 803 Caesareo-

113 822 455 887 Regia‚Regni
471 821 741 878 Palatinus,
765 819 854 867 sibi
873 821 1109 869 creditam
1126 822 1288 871 habet.
1306 821 1528 871 Instituti

114 906 236 937 vero
263 887 652 937 Fundationales
670 906 903 947 summas,
931 891 1148 950 Cassam,
1177 890 1527 940 Coordinatio·

116 974 232 1004 nem
263 959 612 1016 intrinsecam,
637 966 687 1004 et
714 975 821 1005 rem
864 957 1284 1020 Oeconomicam‚
1318 977 1415 1006 una
1444 976 1527 1023 pe·

116 1027 284 1072 renuis
325 1028 479 1080 mixta
518 1025 818 1089 Deputatio‚
870 1027 1187 1088 potissimum
1218 1027 1311 1075 sub
1338 1028 1528 1080 Praesi-

66 1128 69 1131 -
112 1092 200 1141 dio
232 1093 487 1143 Ordinarii
521 1087 904 1140 Vice·Comitis
929 1092 1191 1141 Pestiensis
1225 1097 1526 1153 Comitatus,

115 1162 451 1222 administrat,
479 1159 676 1208 ordinat
693 1193 709 1217 ‚
734 1169 887 1207 curat.

742 1298 780 1361 ς.
815 1302 899 1348 94.

190 1419 416 1496 Regiae
450 1420 798 1477 Lottermles
813 1420 1356 1479 Admz‘nzktratz‘ones
1385 1430 1443 1480 et

624 1517 1012 1609 Collecczbnes.

247 1645 477 1693 Instituta
528 1654 577 1694 et
620 1646 782 1711 Lusus
827 1647 1078 1697 Lotteriae
1117 1668 1247 1698 anno
1285 1658 1431 1702 1⁷51.
1459 1651 1522 1700 ad

114 1712 310 1762 Statum
340 1713 659 1762 Austriacum
689 1734 780 1782 per
806 1717 1047 1782 speciales
1062 1715 1340 1767 Patentales
1364 1722 1522 1767 intro-

109 1780 276 1843 ducti,
314 1781 515 1837 demum
557 1787 699 1834 1762.
738 1787 886 1832 etiam
927 1785 988 1832 ad
1027 1787 1336 1852 Hungariam
1367 1798 1523 1835 trans-

111 1848 319 1897 derivati
360 1848 579 1900 fuerunt.
632 1851 685 1917 *)
730 1853 878 1903 Nunc
922 1855 971 1900 in
1009 1854 1263 1919 Hungaria
1293 1854 1519 1902 Admini-

109 1920 374 1967 strationes
401 1918 697 1969 Lotteriales
718 1930 819 1971 tres
840 1923 1075 1982 existunt,
1109 1932 1284 1988 utpote
1320 1925 1520 1985 Budae,

115 1987 408 2035 Cassoviae
450 1997 504 2036 et
539 1989 925 2050 Temesvart'm',
967 2008 1095 2055 quae
1129 2006 1301 2038 omnes
1331 1991 1518 2058 Supre-

111 2071 220 2107 mae
252 2055 516 2103 Lotteriali
551 2057 985 2107 Administrationi
1022 2059 1318 2120 Viennensi,
1360 2084 1426 2096 —
1469 2070 1520 2107 et

105 2139 421 2190 nequaquam
440 2126 677 2174 Gamerae
706 2126 888 2192 Regiae
909 2128 1073 2192 Hung.
1111 2125 1518 2175 subordinantur.

107 2190 316 2257 Singula
356 2209 480 2242 ver-o
521 2192 906 2243 Administratio
939 2196 1122 2242 multas
1166 2204 1215 2241 et
1246 2195 1296 2241 in
1336 2197 1517 2260 quovis

104 2258 395 2309 notabiliori
437 2262 574 2310 Loco
611 2261 779 2326 plures
811 2265 956 2311 etiam
989 2262 1317 2330 particulares
1348 2263 1516 2314 Colle-

109 2330 299 2378 ctiones
328 2328 630 2378 'Lotteriales
655 2328 818 2378 habet.

107 2429 155 2490 θ)
210 2429 418 2476 Instituta
445 2433 588 2476 Lusus
617 2433 890 2485 Lauernalis,
909 2438 988 2478 etei
1020 2434 1212 2491 Legibus
1234 2437 1410 2492 ignota,
1436 2451 1514 2479 ne-

221 2503 304 2543 que
333 2490 387 2531 do
411 2495 558 2532 cetero
600 2491 654 2532 ad
683 2490 786 2532 Jura
816 2491 1001 2548 Regalia
1030 2492 1279 2549 Hungarica
1308 2496 1516 2546 spectan-

215 2550 279 2589 tia
309 2548 419 2597 sint,
466 2545 537 2588 hic
575 2550 719 2588 tamen
746 2549 794 2589 in
818 2547 1184 2604 Complementum
1211 2550 1511 2593 Institutorum

215 2601 480 2657 publicorum
508 2605 674 2652 attacta
698 2606 812 2653 sunt*
1455 2616 1463 2627 ’
