1897 3440
702 265 1027 311 ...33-

141 419 265 452 rum
299 402 632 467 Hungariae‚
652 400 962 461 Slavoniae,
988 408 1042 447 et
1066 399 1335 447 Oroatiae.
1372 394 1539 444 Comi-

136 483 266 519 tatus
300 471 420 519 olim
451 474 597 519 etiam
632 469 897 517 Parochiae
925 466 1242 516 vocabantur.
1283 465 1540 529 Originem

140 556 261 586 vero
298 557 435 586 suam
465 538 526 586 ab
553 536 863 587 incunabulis
895 537 1052 601 Regni
1084 544 1327 600 repetunt.
1367 532 1540 591 Quivis

137 608 320 655 Comes·
349 609 535 666 Castri‚
571 609 671 655 sive
704 607 847 652 Arcis
876 606 1080 669 Regiae,
1116 629 1183 638 —
1213 601 1406 667 (qualis
1433 601 1539 646 Arx

136 676 187 721 in
226 675 417 741 singula
448 676 704 722 Provincia
742 673 1009 736 existebat)
1051 670 1222 718 habuit
1258 686 1403 717 suum
1443 668 1538 713 Co-

134 743 307 790 mitem
335 743 510 789 Curiae
543 741 903 799 parochianae,
939 751 987 788 et
1019 738 1186 805 plures
1204 734 1462 793 Euechos,
1489 733 1540 780 id

131 820 205 858 est
236 809 455 866 Judices‚
493 812 577 874 qui
609 810 855 856 Comitem
883 810 931 854 in
948 806 1146 875 agendis
1173 805 1414 871 politicis,
1449 802 1538 848 mi-

131 877 388 936 litaribus,
437 888 486 924 et
524 877 837 941 judicialibus
884 874 1198 942 adjuvarunt.
1258 874 1433 937 Itaque
1475 868 1539 917 ab

129 944 225 994 hoc
255 955 449 992 vetusto
482 945 712 992 Instituto
753 943 1105 1009 repetendum,
1146 941 1283 1008 quod
1323 950 1372 988 et
1404 954 1537 984 nune

130 1012 354 1077 singulus
384 1014 657 1060 Comitatus
687 1029 832 1058 suum
864 1011 1190 1073 Supremam
1228 1009 1534 1063 Comitem,

128 1081 281 1144 Regia
318 1082 623 1127 Auctoritate
667 1079 1024 1139 constitutum,
1060 1080 1176 1124 item
1220 1094 1364 1125 suum
1400 1075 1535 1122 Ma·

122 1149 420 1212 gistratum
454 1148 883 1196 Comitcztensem
905 1183 917 1205 ,
947 1147 1039 1194 sub
1084 1145 1399 1210 Inspectione
1441 1142 1535 1188 Su·

125 1219 284 1281 premi
305 1216 512 1262 Comitis
541 1217 859 1274 existentem,
890 1214 971 1261 sed
998 1213 1087 1261 sibi
1115 1213 1269 1262 libere
1299 1210 1534 1268 electum,

123 1282 312 1331 habeat.
367 1284 512 1330 Nunc
546 1284 699 1330 officia
740 1283 1105 1346 Supremorum
1145 1282 1430 1336 Comitum,
1465 1300 1533 1316 -·

123 1358 340 1416 quorum
370 1351 605 1397 nonnulli
637 1352 784 1397 etiam
823 1352 1075 1413 Perpetui
1115 1360 1169 1395 et
1211 1345 1537 1397 Hereditarit

122 1419 366 1474 existunt,
385 1445 445 1453 —
465 1435 609 1484 saepe
624 1418 723 1465 Sua
743 1418 972 1481 Majestas
991 1436 1081 1484 per
1108 1414 1532 1465 Admtstratores

124 1487 526 1547 Comitatuum,
553 1486 770 1551 supplet.
808 1485 886 1532 Ad
905 1487 1327 1533 convocationem
1343 1483 1527 1548 Supre-

119 1557 188 1602 mi
218 1556 424 1602 Comitis
459 1555 686 1602 universa
720 1552 966 1601 Nobilitas
1009 1555 1286 1601 Comitatus
1330 1553 1526 1615 saepius

120 1625 418 1682 convenire,
446 1634 494 1670 et
527 1621 795 1670 Generales
822 1623 1239 1687 Congregationes
1267 1618 1524 1667 celebrare

121 1690 270 1749 solet,
320 1692 371 1736 in
407 1691 587 1755 quibus
620 1707 738 1755 prae
771 1690 945 1737 ceteris
990 1689 1354 1736 publicationes
1399 1685 1522 1732 Inti-

118 1769 397 1816 matorum,
435 1757 845 1816 Resolutionum,
882 1776 937 1805 ac
965 1756 1316 1804 Mandatorum
1341 1753 1521 1819 Regio-

119 1845 228 1875 rum
263 1837 311 1874 et
352 1825 745 1875 Dicasterialium
778 1835 1127 1882 assumuntur,
1178 1835 1225 1870 et
1258 1824 1518 1870 effectuan·

117 1906 201 1944 tur
223 1932 235 1955 ,
270 1895 470 1941 demum
503 1895 595 1940 alia
626 1893 866 1941 Publico-
888 1891 1092 1940 Politica
1126 1890 1352 1955 objecta,
1395 1891 1519 1936 Cor-

118 1963 500 2029 respondentiae
532 1979 645 2009 cum
677 1963 783 2008 aliis
815 1959 1280 2017 Jurisdictionibus‚
1319 1955 1522 2005 Intabu-

54 2052 70 2053 7
118 2033 355 2088 latinu-es,
394 2031 765 2088 LimitationeS,
793 2031 1052 2076 Cassarum
1082 2027 1397 2084 Revisiones‚
1430 2022 1520 2070 Of·

117 2098 311 2148 ficiosae
344 2099 657 2155 Relationes,
696 2098 1011 2144 privatorum
1055 2096 1301 2142 Recursus
1338 2102 1389 2140 et
1436 2092 1515 2138 In·

113 2168 343 2226 stantiae,
381 2184 436 2214 ac
466 2167 559 2212 alia
587 2183 738 2230 quam
769 2163 1007 2229 plurima,
1037 2172 1271 2227 aguntur,
1309 2171 1359 2208 et
1402 2176 1511 2226 per·

38 2262 42 2264 -
113 2245 400 2283 tractantur.
439 2234 534 2281 Hic
561 2235 708 2280 etiam
734 2232 1046 2279 Restauratio
1076 2231 1390 2294 Magistratus
1420 2229 1513 2274 Co·

112 2304 392 2355 mitatensis,
429 2304 564 2349 omni
609 2301 819 2346 triennio
866 2301 1104 2346 asservari
1139 2298 1280 2345 solita
1329 2297 1511 2358 (17:223:

112 2375 191 2418 56.
233 2374 382 2419 1729:
420 2368 523 2432 15.)
578 2367 764 2415 Electio
802 2368 1164 2432 Ablegatorum
1204 2365 1262 2412 ad
1299 2365 1512 2411 Comitia

110 2440 300 2505 0622:
336 2442 410 2485 29.
452 2439 604 2485 1729:
639 2436 741 2496 23.)
795 2435 1181 2495 mittendorum,
1233 2448 1510 2496 corumque

111 2509 469 2556 Instructiones
508 2513 812 2570 peraguntur
855 2514 903 2550 et
946 2503 1280 2549 elaborantur.
1333 2501 1509 2563 Singu-

111 2575 220 2623 lum
256 2575 558 2622 Comitatum
589 2571 809 2633 Judicia‚
847 2583 895 2619 et
923 2572 1051 2618 Fora
1093 2588 1207 2629 sua,
1265 2570 1383 2616 item
1427 2585 1512 2613 au-

111 2643 385 2692 thenticum
416 2640 679 2710 Sigillum,
717 2637 1089 2704 Archivumque
1130 2636 1327 2697 habere,
1359 2634 1519 2702 probe

108 2720 314 2760 constat.
