1897 3440
615 269 949 314 -43-

95 403 368 465 nientibus‚
402 402 632 470 gaudent.
668 403 972 451 Tavernicus
1005 399 1153 449 habet
1182 405 1331 451 etiam
1354 417 1497 452 suum

99 475 255 523 Vice-
276 473 619 523 Tavernicum.
659 471 767 520 Art.
799 471 1009 519 Tavern.
1043 471 1118 520 12.
1159 472 1238 522 ³5.

725 610 763 673 §-
800 616 882 671 49·

288 734 614 818 Agazonum
651 727 954 806 Regalz‘um
990 729 1296 804 Magister.

240 866 528 931 Agazonum
573 861 835 930 Regalium
885 864 1125 929 Magister
1178 860 1400 911 Statibus
1459 871 1510 910 et

96 932 368 982 Ordinibus
400 932 556 997 Regni
589 931 649 978 ad
697 931 923 980 Diaetam
955 933 1245 981 convocatis
1289 929 1510 996 hospitia

93 1001 343 1068 designat,
383 1006 524 1050 164⁷:
556 1003 667 1051 123.
701 1003 843 1050 1655:
877 1004 956 1049 18.
1003 1000 1262 1048 Praeterea
1293 993 1510 1049 durante

97 1071 271 1118 Diaeta
307 1087 453 1117 sensu
487 1073 642 1118 15573Ι
666 1072 711 1114 7.
754 1065 814 1112 de
841 1082 933 1124 eo,
963 1075 1018 1112 ut
1044 1068 1229 1114 Civitas
1260 1067 1511 1115 sufficien-

16 1192 19 1194 ,
98 1140 164 1187 iia
202 1136 430 1185 victualia
467 1132 673 1194 habeat,
704 1131 970 1199 providet,
1022 1143 1175 1200 atque
1219 1132 1511 1186 victualium

97 1204 256 1274 pretia
284 1201 532 1270 condigne
555 1210 703 1249 taxat.

740 1340 779 1401 ὦ·
819 1343 896 1403 55?-

218 1528 221 1531 .
283 1455 609 1515 Janz’torum
655 1455 964 1533 Regalz‘um
996 1459 1307 1535 Magister.

230 1590 513 1638 Janitorum
542 1589 805 1653 Regalium
827 1591 1082 1658 Magister,
1115 1609 1260 1640 sensu
1279 1590 1423 1641 Ulad.
1448 1593 1507 1641 D.

94 1660 187 1708 III.
217 1663 296 1707 25.
328 1659 381 1704 in
412 1658 584 1706 Diaeta
610 1657 778 1706 debito
809 1658 974 1707 ordini
1019 1659 1336 1711 observando
1384 1663 1508 1709 invi-

91 1727 244 1793 gilat,
281 1736 459 1792 atque,
496 1728 538 1774 si
569 1728 700 1775 Vota
735 1727 962 1776 diaetalia
999 1727 1150 1777 dubia
1176 1730 1304 1791 sint,
1341 1730 1509 1798 cujus-

95 1795 225 1855 libet
252 1796 443 1853 Votum
473 1793 762 1862 singillatim
787 1798 1012 1863 requirit.

721 1933 758 1998 55-
798 1940 877 1985 51.
1456 1984 1460 1991 .

141 2061 196 2115 2.
234 2056 489 2131 Insz’gm's
529 2056 685 2114 Ordo
717 2058 907 2133 Regis
944 2056 1154 2120 Sancti
1178 2054 1474 2131 Stephani.

234 2186 312 2235 Ad
344 2186 681 2254 Splendet-em
712 2189 873 2238 Aulae
903 2191 1053 2255 Regis
1087 2188 1370 2253 Hungariae
1396 2203 1508 2253 per·

100 2256 226 2305 tinet
252 2257 399 2303 etiam
418 2258 627 2323 Insignis
647 2257 787 2305 Ordo
817 2259 966 2321 Regis
992 2258 1159 2307 Sancti
1178 2255 1428 2322 Stephani.
1463 2254 1513 2320 ²⁸)

100 2322 242 2372 Ordo
272 2321 351 2372 hic
391 2324 589 2372 nullum
625 2325 809 2391 Regale
843 2326 1082 2375 Officium
1116 2328 1164 2373 in
1213 2342 1264 2372 se
1292 2322 1515 2390 eomple-

101 2403 267 2451 ctens‚
305 2391 389 2440 sed
420 2403 584 2449 tamen
613 2395 872 2442 Honorem
911 2406 961 2443 et
994 2395 1373 2443 Distinctionem
1407 2410 1511 2440 ma·

103 2463 288 2509 ximam
319 2459 540 2509 tribuens
560 2499 573 2522 ‚
614 2479 702 2528 per
730 2463 1003 2530 Augustam
1032 2462 1241 2512 condam
1269 2461 1513 2525 Reginam

103 2529 315 2579 Mariam
343 2527 628 2578 Theresiam
649 2566 664 2588 ‚
702 2547 834 2580 anno
868 2537 1011 2583 1764.
1043 2549 1102 2579 eo
1134 2529 1230 2577 fine
1260 2530 1516 2577 institutus

46 2640 51 2644 .
103 2605 208 2656 est,
244 2605 301 2642 ut
330 2596 505 2645 eodem
524 2598 698 2652 Civilia
715 2603 890 2649 merita
908 2602 1239 2649 Personarum
1258 2597 1318 2645 de
1354 2598 1513 2646 Stem-

107 2673 240 2725 mate
264 2664 552 2730 insignium,
591 2667 778 2734 absque
807 2671 1076 2718 Nationum
1101 2666 1411 2727 discrimine,
1440 2682 1514 2713 re·

107 2743 465 2781 muneraretur.
518 2735 728 2801 Magnus
759 2738 997 2802 Magister
1032 2735 1178 2802 hujus
1211 2733 1397 2782 ordinis
1443 2743 1517 2782 est

103 2801 236 2861 Rex,
275 2801 610 2850 cancellarius
645 2822 764 2852 vero
797 2805 955 2854 Aulae
974 2808 1156 2871 Regiae
1185 2796 1538 2869 Hungaewicusj

107 2878 180 2916 est
213 2869 359 2918 simul
393 2869 616 2938 ejusdem
664 2873 852 2923 ordinis
893 2875 1248 2924 Cancellarius.
1304 2873 1517 2940 Insignis
