1964 3440
961 219 1294 265 ...32—

401 373 518 415 nes,
565 371 657 401 nec
688 368 791 400 non
823 356 1183 418 manuscripta
1202 351 1475 415 peculiari
1501 370 1646 413 cura,
1684 371 1820 404 snm»
1845 376 1847 379 ·

402 424 634 487 tibiasque
646 438 752 486 per
778 439 832 469 se
854 421 1101 482 collecta,
1128 422 1306 470 usibus
1331 421 1582 472 Nationis
1606 423 1822 486 Hungu-

403 509 499 541 rae
530 528 543 551 ,
574 492 728 555 pleno
764 490 895 537 Jnre
931 496 1380 554 transcripserit,
1418 490 1600 555 [iisque
1624 493 1822 557 funda-

402 569 581 608 menta
633 559 876 621 erigendi
919 559 1097 606 [nasei
1142 559 1453 608 Nationalis
1488 561 1603 608 zelo
1642 561 1827 608 lauda-

404 629 501 676 bili
529 629 832 693 posuerit-‘⁶
872 631 1017 676 1807.
1045 632 1126 675 24.
1164 627 1359 676 Locum
1385 645 1479 694 pro
1513 629 1689 677 Museo
1728 630 1825 678 Na-

404 699 578 745 tionali
623 698 862 759 Princeps
906 696 1159 743 Antonius
1209 696 1574 745 Grassaikovits
1610 696 1828 745 donave-

405 775 496 812 rat.
536 768 683 814 Anno
724 766 869 812 1808.
910 767 953 810 8.
991 763 1244 813 Proteetio
1281 766 1417 812 illius
1442 764 1570 813 Suae
1598 762 1827 831 Majesta-

404 837 440 881 ti
478 832 878 892 Sacratissimae,
933 848 1052 878 cura
1090 849 1210 880 vero
1247 843 1296 880 et
1331 850 1564 899 suprema
1601 833 1829 880 Direetio

403 903 532 950 Suae
558 900 832 948 Serenitati
868 899 1115 947 Caesareo
1133 902 1349 965 -Regiae
1379 901 1604 951 Palatino
1632 901 1793 966 Regni
1812 937 1826 960 ‚

403 971 456 1032 ³¹⁶)
493 967 803 1027 concredita,
841 977 991 1032 atque
1018 966 1218 1013 insimul
1248 977 1487 1016 statutum
1515 981 1618 1030 est,
1654 979 1710 1016 ut
1740 967 1829 1016 ob-

406 1037 618 1084 lationes
648 1035 1041 1100 Regnicolarum
1085 1034 1135 1078 in
1176 1035 1308 1082 hunc
1342 1035 1495 1084 finem
1534 1036 1722 1094 factae,
1758 1037 1830 1083 in-

403 1114 689 1163 cassentur,
737 1111 786 1149 et
832 1104 883 1148 in
935 1102 1166 1167 proxima
1202 1103 1376 1151 Diaeta
1417 1105 1831 1165 inarticulentur3

405 1173 630 1224 officium
664 1186 784 1219 vero
822 1171 1058 1236 pecunias
1090 1171 1369 1232 incassans,
1401 1171 1531 1219 Suae
1567 1172 1833 1220 Serenitati

406 1243 626 1291 rationes
678 1255 840 1285 annue
894 1236 1149 1297 exhibeat,
1198 1239 1249 1284 in
1286 1241 1493 1305 synopsi
1534 1242 1684 1288 etiam
1721 1258 1836 1288 cum

405 1306 850 1358 ,iurisdictionibus
886 1305 1341 1355 communicandas.
1377 1309 1721 1357 Inartieulatio
1746 1307 1833 1356 ob-

407 1379 631 1426 latorum
681 1392 774 1440 pro
824 1373 918 1421 hoc
971 1374 1145 1420 Museo
1183 1373 1431 1423 factorum
1467 1375 1725 1424 subsecuta
1762 1386 1837 1423 est

411 1451 555 1498 1827.
595 1450 672 1493 35.
712 1460 815 1508 quo
852 1439 1024 1490 simul:
1065 1442 1169 1488 Pro
1205 1444 1470 1506 singulari
1491 1445 1835 1491 indesinenti-

410 1531 506 1580 que
542 1530 702 1573 cara,
753 1529 857 1575 qua
896 1509 1274 1558 Serenissimns
1309 1513 1597 1560 Caesareus
1625 1513 1838 1575 Hungu-

408 1588 527 1630 riae
556 1591 608 1630 et
637 1579 924 1627 Bohemiae
947 1578 1146 1640 Regius
1169 1579 1549 1629 Hereditarins
1577 1580 1839 1645 Princeps

410 1651 734 1698 Archi-Dua:
769 1649 1052 1706 Austriae,
1089 1646 1345 1696 Dominus
1380 1647 1641 1711 Iosephus
1670 1648 1840 1710 Regni

411 1720 699 1767 Palatinus
726 1753 741 1777 ,
795 1717 1034 1763 Mus-enm
1098 1714 1387 1764 Nationale
1433 1717 1795 1778 Hnngaricnm
1827 1750 1844 1778 ,

411 1804 516 1834 non
552 1794 758 1835 tantum
782 1784 1015 1847 provide
1052 1800 1403 1844 conservare,
1439 1802 1619 1832 ceram
1655 1786 1844 1846 adflo-

411 1872 527 1904 rem
557 1856 704 1902 illam
726 1851 1025 1917 provehere
1032 1852 1454 1915 felicis-accessa
1470 1853 1838 1912 adnitebatur,

413 1928 503 1990 qui
539 1931 592 1971 et
631 1922 907 1970 culturam
934 1919 1191 1969 Nationis
1232 1923 1563 1982 intenderet,
1599 1929 1654 1969 et
1691 1921 1842 1969 deco-

413 2009 528 2040 rem
564 1992 677 2054 ejus
700 2026 716 2053 ,
753 2007 816 2036 ac
854 1990 1167 2051 dignitatem
1202 2007 1336 2038 noca
1385 1994 1689 2039 accessione
1728 1991 1846 2037 illu-

416 2068 659 2109 straret:
705 2058 893 2105 Status
948 2063 1000 2103 et
1037 2056 1262 2106 Ordines
1286 2059 1592 2121 publicam,
1632 2073 1847 2122 eamque

417 2133 711 2187 sinceram,
749 2143 814 2173 ac
837 2141 1125 2188 perennem
1156 2128 1550 2187 gratitudinem
1576 2144 1724 2174 snam
1742 2134 1842 2190 pa-

418 2198 522 2245 lam
559 2202 860 2254 testantur,
898 2202 951 2241 et
986 2211 1092 2241 una
1123 2193 1368 2254 futuram
1396 2212 1596 2260 quoqne
1629 2196 1844 2242 Institu-

418 2271 466 2313 te·
497 2264 651 2328 hujus
682 2267 1109 2322 consistentiam,
1158 2280 1223 2311 ac
1260 2268 1666 2325 incrementum,
1706 2265 1844 2310 beni·

418 2351 555 2397 gnae
591 2332 854 2394 altefatae
891 2331 1029 2378 Suae
1050 2329 1391 2381 Celsitudinis
1407 2337 1750 2397 protectioni
1770 2331 1840 2378 nl·

421 2411 515 2450 tra
554 2400 972 2448 commendant.“
1007 2426 1075 2434 —

426 2502 468 2558 ⁹²)
530 2502 616 2544 Sua
648 2500 870 2544 serenitas
898 2500 1114 2543 Caesareo
1138 2499 1276 2556 Regia
1301 2500 1529 2544 Palatinus
1555 2501 1696 2556 Regni
1718 2529 1730 2550 ‚
1761 2514 1839 2551 pro

479 2560 634 2600 innato
665 2572 742 2600 suo
772 2572 914 2600 amore
945 2564 990 2599 et
1015 2558 1138 2606 zelo,
1185 2559 1284 2610 quid
1317 2559 1415 2611 quid
1443 2558 1626 2609 bonum,
1665 2555 1772 2596 utile
1801 2564 1847 2596 et

485 2615 705 2667 pulchrum
752 2621 847 2663 est,
893 2627 1166 2666 magnanime
1206 2615 1509 2667 promovendi,
1542 2613 1736 2655 Museum
1763 2611 1844 2652 hoc

486 2674 619 2712 etiam
645 2673 830 2723 propriis
859 2668 1213 2720 oblatisimultum
1244 2671 1442 2724 adauxit,
1472 2677 1518 2712 et
1544 2668 1840 2721 locupletavit,

485 2732 615 2780 atque
645 2736 732 2769 tani
764 2742 838 2780 pro
866 2730 961 2780 c-J'us
993 2724 1224 2776 aedificio,
1268 2740 1391 2778 quam
1428 2734 1472 2768 et
1509 2727 1752 2779 Systemate
1776 2724 1846 2763 in·

486 2786 674 2825 trinseco
717 2784 933 2836 peculiare
984 2781 1162 2822 Planum
1205 2780 1419 2824 elaborari
1459 2784 1624 2824 curavit
1650 2809 1664 2834 ‚
1716 2782 1846 2834 juxta

494 2840 607 2894 quod
636 2838 834 2883 Museum
861 2839 939 2881 hoc
967 2840 1200 2881 intrinsece
1223 2840 1421 2892 sequenti
1446 2839 1596 2883 ordine
1621 2836 1847 2885 coordina-
