1897 3440
727 264 1058 308 ..99-

145 370 349 427 divldua
371 378 489 427 haec
520 377 620 426 Sua
641 375 889 443 Maiestas,
906 379 1011 423 sine
1039 378 1322 427 discrimine
1333 374 1549 443 Religio-

130 449 248 510 nis,
281 449 516 496 nominat.
559 451 720 497 1723:
757 451 837 495 24.
879 449 1034 493 1741:
1068 449 1149 502 24.

283 518 409 564 Cum
463 510 674 565 articulo
722 520 805 563 12:
848 517 988 561 1790.
1021 521 1260 562 statutum
1298 519 1385 573 sit,
1416 512 1553 580 quod

149 585 278 633 latae
305 586 572 632 sententiae
597 585 937 650 legitimorum
951 581 1263 629 Judiciorum
1287 583 1428 629 nullo
1447 599 1552 629 mo·

149 653 214 701 do
250 651 449 700 alterari
495 650 727 711 valeant,
793 650 904 698 hinc
947 648 1007 695 ab
1051 649 1315 697 Sententiis
1360 651 1552 697 Excelsi

146 721 573 787 Septemviratus,
608 738 697 767 nec
734 720 985 767 Recursus
1011 716 1069 764 ad
1103 717 1362 766 Thronum
1410 719 1551 781 Regi-

61 788 65 790 ’
146 808 266 848 um,
291 805 379 850 nec
409 786 676 853 Appellata
708 786 872 835 locum
920 784 1079 833 habet.
1114 785 1168 832 In
1203 785 1495 835 Criminalib
1532 804 1555 834 s

147 869 313 906 tamen
335 892 349 915 ‚
398 858 482 905 sed
525 855 784 903 dumtaxat
823 857 870 901 in
900 871 1016 901 casu
1050 857 1320 902 sententiae
1349 856 1553 911 mortis,

144 928 266 975 item
296 926 346 972 in
382 928 539 974 causis
560 935 707 973 notae
732 922 1045 971 Infidelitatis
1075 925 1341 981 convictis,
1371 924 1552 970 Recur-

149 1012 232 1042 sus
259 992 318 1040 ad
345 994 606 1043 Thronum
627 992 880 1057 Regalem‚
909 1007 1000 1054 pro
1029 990 1196 1037 Gratia
1226 990 1553 1055 impetranda,

149 1072 316 1130 patet,
353 1063 455 1110 imo
491 1078 625 1110 nunc
661 1060 723 1106 de
758 1074 956 1106 necesse
982 1055 1066 1112 fit,
1117 1060 1362 1105 cum-Jus
1389 1075 1553 1123 aggra-

147 1129 326 1195 tiandi‚
364 1132 458 1180 soli
494 1130 618 1197 Regi
648 1135 913 1193 competat.
969 1129 1123 1176 1715:
1163 1130 1240 1173 48.
1284 1130 1438 1175 1791:
1474 1130 1553 1175 56.

746 1290 784 1354 ς.
845 1292 958 1342 ηα.

259 1411 334 1474 ῘΙ.
374 1413 586 1471 Inclita
633 1412 840 1470 Tabula
872 1407 1062 1488 Regia
1093 1411 1438 1470 Judz‘cz‘aria.

283 1545 516 1595 Alterum
544 1544 786 1592 Tribunal
802 1547 831 1593 J
835 1546 1027 1593 ustitiae
1044 1545 1325 1593 Commune
1356 1555 1453 1600 est,
1480 1547 1556 1592 In—

147 1615 282 1665 clita
339 1614 537 1662 Tabula
570 1614 735 1676 Regia
771 1614 1112 1673 Iudiciaria,
1149 1623 1381 1661 constans
1418 1617 1554 1661 Prae·

150 1682 284 1742 side,
319 1682 601 1731 Personalis
618 1683 925 1730 Praesentiae
944 1681 1123 1747 Regiae
1149 1683 1197 1727 in
1223 1682 1430 1731 Judiciis
1462 1684 1558 1730 Lo·

149 1760 498 1809 cumtenente‚
540 1760 588 1798 et
619 1755 684 1800 22
725 1750 1097 1808 Assessoribus,
1142 1758 1317 1814 utpote
1353 1755 1384 1798 2
1412 1753 1535 1798 Prae

147 1819 290 1879 latis,
348 1825 376 1867 2
422 1818 643 1866 Tabulae
671 1819 981 1887 Baronibus‚
1027 1825 1049 1867 l
1088 1820 1473 1867 Vice—Palatino.
1530 1824 1554 1865 1

149 1886 471 1937 Viceasudice
501 1888 707 1948 Curiae,
745 1895 776 1937 4
809 1890 1184 1937 protonotariis.
1232 1893 1259 1935 8
1291 1889 1559 1936 Assessor'·

145 1956 242 2005 bus
271 1957 450 2021 Regiis.
480 1962 508 2004 2
539 1957 884 2005 Assessoribus
913 1955 1276 2005 primatialibus
1295 1995 1307 2015 ,
1351 1964 1371 2005 1
1414 1957 1553 2004 Refe-

147 2034 289 2084 rente
319 2026 369 2088 iri
402 2025 780 2072 Montanisticis.
819 2026 1076 2072 Praeterea
1093 2026 1365 2073 Causarum
1399 2027 1558 2081 Rega-

148 2092 275 2140 lium
312 2093 547 2141 Director
583 2101 817 2158 quoque,
855 2103 911 2140 ut
949 2093 1152 2141 Juribus
1188 2095 1364 2142 Sacrae
1400 2095 1556 2141 Coro-

150 2177 244 2208 nae
284 2160 543 2226 invigilet,
592 2160 654 2209 ad
689 2159 930 2209 Tabulam
959 2161 1084 2208 hanc
1111 2159 1304 2209 assidet.
1346 2162 1559 2209 Interest

147 2227 462 2277 sessionibus
510 2247 538 2276 a
581 2230 736 2276 latere
775 2247 904 2277 unus
941 2229 1291 2278 Protocollista
1325 2248 1557 2296 quoque,

91 2298 94 2300 “
147 2297 238 2362 ”qui
274 2298 456 2345 Causas
490 2295 677 2345 levatas
704 2307 754 2344 et
788 2300 972 2346 revisas
1012 2297 1301 2347 Protocollo
1337 2298 1558 2347 Tabulae

148 2358 332 2428 Regiae
358 2366 547 2413 inserit.
575 2364 803 2413 Membra
820 2364 967 2429 hujus
1001 2366 1223 2414 Tabulae
1243 2370 1431 2433 pariter
1457 2366 1558 2415 Sua

148 2431 723 2499 Majestasndenominat.
797 2438 949 2486 1⁷23:
986 2439 1065 2483 25.
1113 2434 1348 2502 Exceptis
1394 2447 1559 2483 tamen

149 2499 551 2561 vice-Palatino,
590 2501 910 2552 Vice-Judice
945 2504 1148 2563 Curiae,
1192 2505 1312 2551 item
1344 2514 1560 2571 quatuor

118 2619 122 2622 ,
148 2569 512 2618 Protonotariis
528 2580 576 2617 et
594 2569 791 2619 duobus
808 2572 1154 2622 Assessoribus
1175 2571 1560 2630 Primatialibus‚

151 2654 280 2703 quos
306 2641 570 2702 respectivi
603 2639 908 2706 principales
938 2642 1221 2700 nominant,
1250 2651 1300 2689 et
1328 2641 1424 2689 Sua
1457 2641 1561 2688 Ma·

149 2705 296 2766 jestas
340 2704 616 2754 confirmat.
673 2707 865 2756 Tabula
896 2707 1013 2757 haec
1046 2706 1258 2772 judicat,
1296 2719 1427 2766 tam,
1462 2702 1574 2774 qua

140 2772 336 2820 Forum
354 2775 548 2838 primae
575 2774 858 2836 Instantiae,
898 2777 1100 2837 Causam,
1130 2776 1342 2843 Legib'm
1364 2776 1458 2825 huc
1482 2793 1557 2823 re·

147 2837 330 2907 legatas
359 2842 556 2906 Civiles,
577 2853 626 2892 et
660 2859 723 2892 ex
748 2845 876 2895 Nota
905 2842 1233 2903 Infidelitatis,
1262 2846 1320 2894 ad
1343 2846 1560 2895 Poenam

1168 2924 1239 2978 ’ἢ
