1897 3440
643 251 976 295 ...ῃ-

104 381 349 445 gnicolas
388 381 671 432 Iustitiam
711 384 901 446 facere
933 389 1121 447 potest
1169 393 1222 432 et
1252 387 1513 434 tenetur“

108 467 200 515 per
227 450 418 515 Regem
444 461 493 498 et
519 450 688 499 Status
723 469 778 498 ac
811 450 1111 516 OO.‘Regni
1129 451 1330 518 eligitur
1364 457 1507 502 1526:

107 524 149 567 ⁷.
225 523 380 566 1548:
432 523 506 566 18.
581 519 768 576 Quodsi
821 517 1100 567 Palatinum
1156 520 1270 567 fatis
1336 522 1512 569 cedere

106 587 365 652 contingat
392 623 405 646 ‚
442 589 568 634 intra
605 605 791 635 annum
831 604 925 653 pro
969 589 1213 636 electione
1237 587 1345 653 ejus
1373 589 1517 636 Diae·

106 663 157 700 ta
189 655 449 702 indicenda
470 665 572 715 est,
600 657 649 703 in
675 675 771 721 qua
798 655 897 703 Sua
921 654 1153 722 Majestas
1179 674 1272 723 pro
1291 655 1518 720 eligendo

107 721 337 772 Palatino
356 722 575 772 Statibus
590 735 639 771 et
657 725 764 771 ΟΟ.
801 724 958 789 Regni
977 735 1194 789 quatuor
1221 722 1521 773 candidatos

102 794 360 857 proponit,
389 803 438 838 et
455 793 659 857 quidem
687 793 811 840 duos
847 809 873 840 e
907 793 1051 840 Statu
1078 791 1515 840 Romano-Catho-

100 860 319 907 licorum
340 896 353 920 ‚
381 859 507 908 duos
534 878 652 910 vero
685 879 710 908 e
747 861 892 909 Statu
919 861 1339 927 Evangelicorum
1372 864 1515 908 1608:

102 930 149 974 3.
186 945 229 973 a.
266 946 310 976 c.
349 929 629 994 exquibus
665 928 867 975 demum
904 928 1072 976 Status
1118 939 1169 976 et
1211 929 1317 977 OO.
1357 929 1514 996 Regni

101 1012 259 1042 unum
289 1014 384 1062 pro
420 996 646 1044 Palatino
680 995 887 1058 eligunt.
924 997 1124 1042 Electus
1145 997 1421 1057 Palatinus,
1451 1023 1516 1032 --

101 1066 188 1129 qui
227 1081 424 1130 semper
458 1063 518 1109 ad
553 1062 656 1108 dies
691 1063 820 1107 vitae
855 1061 1090 1126 eligitur,
1126 1090 1192 1098 —
1219 1063 1416 1110 tandem
1444 1062 1518 1129 ju-

100 1143 380 1179 ramentum
408 1130 773 1194 praescriptum
806 1127 940 1188 dicit,
991 1132 1146 1178 1555:
1194 1138 1234 1179 l.
1280 1132 1433 1178 1613:
1473 1137 1518 1180 7.

85 1200 317 1265 '‘pt-imum
367 1197 536 1245 locum
581 1198 712 1245 inter
776 1197 999 1244 Barones
1061 1198 1219 1263 Regni
1268 1209 1514 1264 occupat,

98 1268 230 1315 Part.
267 1267 309 1314 I.
341 1275 394 1313 tt.
426 1270 508 1313 94.
561 1275 737 1331 estque
775 1265 976 1312 Praeses
1007 1267 1161 1313 totius
1200 1265 1408 1326 diaetae,
1451 1268 1509 1313 si-

96 1344 306 1400 gnanter
350 1333 571 1382 Tabulae
632 1335 944 1399 Magnatum3
988 1337 1148 1381 1687:
1189 1339 1262 1383 10.
1307 1334 1506 1398 (plura

94 1404 158 1452 de
191 1403 476 1466 Dae‘gm‘tate
506 1401 755 1451 Palatini
782 1402 943 1451 Part.
977 1402 1046 1449 11.
1086 1403 1218 1469 Cap.
1237 1403 1275 1449 I.
1308 1404 1351 1467 ᾗ.
1387 1402 1506 1467 45.)

732 1543 771 1606 55·
825 1547 902 1592 17.

155 1665 385 1729 Electz'o
427 1664 896 1721 Comei-vatorum
932 1665 1186 1721 Coronae
1213 1662 1422 1739 Regni.

229 1794 346 1841 Duo
375 1791 554 1841 Sacrae
589 1794 817 1842 Coronae
847 1794 1129 1860 Hungariae
1163 1804 1214 1842 et
1243 1795 1506 1845 Clenodio·

94 1878 208 1910 rum
243 1862 401 1928 Regni
455 1859 508 1925 ³¹²)
546 1863 964 1921 Conservatores‚
1003 1879 1086 1909 seu
1125 1864 1381 1922 Custodes,
1421 1867 1508 1929 qui

97 1931 350 1997 Dignitate
376 1948 461 1977 sua
488 1931 770 1977 Baronibus
801 1931 963 1996 Regni
996 1932 1225 1995 proxime
1253 1933 1509 1987 accedunt,

97 2016 124 2046 a
160 1997 472 2064 temporibus
508 1998 777 2057 Uladislai‚
810 2015 900 2064 per
935 1996 1105 2045 Status
1129 2008 1178 2045 et
1206 1999 1313 2046 OO.
1348 2002 1503 2067 Regni

96 2066 376 2133 eliguntur,
420 2065 571 2114 Ulad.
614 2067 762 2114 Decr.
807 2069 896 2115 IV.
938 2070 1017 2113 23.
1080 2067 1190 2113 Rex
1238 2085 1418 2133 nempe
1442 2087 1503 2116 ex

97 2132 320 2182 Statibus
355 2144 404 2182 et
433 2133 708 2182 Ordinibus
742 2136 901 2201 Regni
939 2133 1243 2182 secularibus
1285 2148 1505 2199 quatuor

93 2202 355 2250 Ind'ividua
397 2239 414 2264 ,
479 2202 581 2252 duo
634 2220 662 2251 e
711 2204 857 2252 Statu
910 2203 1500 2266 Romano-Catholicae,

101 2270 201 2318 duo
227 2287 289 2318 ex
318 2270 462 2319 Statu
489 2272 811 2337 Evangelicae
842 2272 1103 2335 utriusque
1134 2272 1498 2333 consessionis,

91 2337 366 2403 Religionis
408 2339 623 2399 selecta,
663 2339 887 2388 Statibus
936 2349 984 2387 et
1033 2339 1305 2386 Ordinibus
1333 2340 1496 2406 Regni

92 2409 368 2473 proponit,
409 2424 436 2456 e
484 2408 667 2473 quibus
715 2408 839 2457 duos
894 2425 989 2474 pro
1043 2406 1349 2455 Custodibus
1402 2411 1496 2457 Co·

95 2492 248 2523 ronae
284 2473 484 2542 eligunt.
527 2480 682 2524 1608:
719 2481 764 2523 4.
819 2495 860 2523 a.
904 2495 947 2525 c.
1005 2480 1160 2528 1687:
1219 2479 1291 2523 10.
1346 2482 1499 2526 1790:

95 2548 139 2591 8.
181 2543 339 2592 Electi
376 2545 603 2592 Coronae
639 2545 881 2594 Custodes
930 2544 1276 2591 Jurameutum
1310 2562 1497 2593 nuncu-

95 2628 215 2677 pare
263 2611 563 2677 obligantur.
612 2614 671 2660 In
707 2631 823 2662 casu
859 2630 1009 2673 vero,
1046 2613 1166 2660 dum
1199 2610 1498 2662 alterutrum

97 2696 273 2728 eorum
299 2681 427 2727 mori
453 2683 733 2748 contingat,
765 2681 999 2746 Majestas
1020 2681 1174 2746 Regia
1203 2680 1352 2728 modo
1382 2700 1495 2746 pro-

93 2749 278 2796 visorio
313 2748 695 2809 Successorem,
729 2767 889 2815 usque
925 2751 1155 2815 proxima
1194 2749 1405 2798 Comitia
1434 2769 1490 2799 ea

97 2813 346 2883 Dignitate
366 2816 719 2868 defuncturum
745 2819 1043 2867 substituere
1065 2815 1204 2865 solet.
1234 2823 1374 2870 1715.
1411 2824 1490 2867 38.

1219 2907 1251 2950 2
