1897 3440
664 234 965 278 ...5,-

114 369 301 418 Domui
357 367 583 434 regnanti
637 365 925 415 Austriacae
974 367 1024 413 in
1084 363 1338 431 Hungaria
1391 354 1523 415 dese-

208 446 296 484 tes.

115 454 204 486 mn
245 508 345 553 6-0.
385 504 575 552 Cuncta
614 500 933 568 Inauguralia
972 500 1268 567 Diplomata
1311 499 1521 564 Regum.

106 572 153 622 A
193 570 507 638 temporibus
559 586 743 636 nempe
787 567 1032 617 Uladislai
1088 568 1240 625 II·di‚
1288 571 1432 616 1490.
1462 597 1528 606 -

106 658 201 689 usu
249 642 424 701 venit,
485 648 542 687 ut
586 638 900 703 inauguralia
971 637 1264 704 Diplomata
1331 636 1528 703 Regum

106 709 326 776 publicis
359 709 519 775 Regni
555 705 1002 755 constitutionibus
1050 709 1417 764 insererentur,
1453 714 1525 750 at-

102 794 204 844 que
247 794 304 826 ea
353 777 513 828 basim
563 775 759 841 Legum
809 773 1281 825 Fundamentalium
1334 774 1524 822 consti-

106 855 322 895 tuerent.
368 846 564 894 Harum
597 845 914 893 sanctionum
954 842 1412 910 Diplomaticarum
1444 858 1524 890 ve-

107 932 168 964 ro
211 923 357 963 tenor
400 916 454 962 in
501 913 577 961 his
613 921 994 961 concentratur:

242 982 445 1031 Primo.
507 982 578 1028 Ut
629 981 789 1043 Regni
843 981 1157 1041 Hungam'ae,
1206 981 1530 1044 partiumque

106 1050 270 1100 eidem
305 1050 614 1097 adnexarum
650 1045 912 1094 universae
955 1043 1244 1105 libertateS,
1296 1047 1526 1093 immuni-

107 1131 250 1179 tates,
291 1126 491 1175 statuta‚
532 1113 796 1180 privilegia
831 1121 881 1160 et
905 1113 1306 1175 consvetudines,
1332 1132 1358 1161 a
1389 1113 1529 1159 Divis

110 1185 333 1252 Regibus
361 1199 627 1232 concessae
643 1191 693 1229 et
723 1178 1046 1229 confirmatae
1075 1182 1437 1239 observentur,
1463 1207 1530 1216 —

109 1263 322 1319 excepta
349 1250 575 1301 clausula
590 1249 740 1315 Regis
761 1248 996 1298 Andreae
1022 1250 1088 1298 ΙΙ.
1113 1250 1314 1299 Decreti
1345 1249 1406 1298 de
1446 1267 1529 1296 an-

106 1340 177 1372 no
219 1325 351 1375 1222
389 1319 541 1380 editi,
585 1335 615 1365 a
650 1316 833 1365 verbis.
878 1319 1056 1382 „quod
1093 1324 1145 1367 se·
1184 1336 1311 1368 vero
1357 1319 1528 1368 Nos“

112 1407 275 1457 usque
302 1393 393 1451 „in
415 1395 732 1454 perpetuum
755 1386 1199 1449 facultatem“—-
1239 1389 1359 1436 item
1391 1389 1527 1436 salva

113 1458 444 1526 dispositione
480 1456 629 1522 Legis
693 1453 865 1520 quoad
910 1472 995 1516 ea,
1049 1473 1177 1522 quae
1218 1473 1310 1523 per
1349 1459 1529 1506 articu2

113 1525 223 1577 lum
263 1530 307 1574 8.
356 1530 499 1575 1741.
540 1533 749 1589 excepta
781 1531 911 1579 sunt.

231 1595 504 1644 Secundo·
560 1593 631 1640 Ut
659 1593 860 1640 Corona
895 1592 947 1639 in
980 1592 1158 1658 Regno
1191 1602 1491 1643 asservetur.

258 1664 460 1711 Tertio.
502 1661 578 1710 Ne
616 1669 787 1708 tenuta
825 1659 876 1708 et
907 1670 1076 1727 partes
1112 1660 1172 1708 ad
1219 1663 1528 1729 Hungariam

114 1741 395 1800 spectantes
441 1728 756 1789 alienentur,
806 1727 893 1777 sed
950 1739 1000 1777 et
1032 1729 1275 1779 alienatae
1312 1730 1527 1779 revindi-

106 1810 288 1850 centur
316 1808 367 1847 et
408 1798 871 1862 reincorporentur.

250 1870 470 1928 Quarto.
536 1865 634 1925 Ut,
676 1867 716 1913 si
772 1866 1025 1933 regnantis
1063 1865 1260 1915 Domus
1305 1868 1529 1915 Austria-

111 1953 199 1986 cae
247 1937 471 1985 defectus
507 1934 708 1981 seminis
752 1935 804 1981 in
866 1943 1087 1999 utroque
1127 1952 1250 1982 sexu
1276 1952 1527 1983 enascere-

115 2016 224 2068 tur,
250 2003 598 2072 praerogativa
629 2003 794 2068 regiae
822 2002 1083 2051 electionis
1112 2013 1162 2051 et
1185 2005 1529 2053 coronationis

110 2071 174 2121 ad
221 2073 488 2141 pristinum
541 2081 723 2118 statum
764 2070 950 2121 redeat.
995 2110 1003 2121 .

253 2143 459 2200 Quinto.
503 2140 573 2186 Ut
610 2138 935 2206 diplomatica
979 2137 1100 2188 haec
1130 2143 1431 2190 assecuratio
1461 2152 1527 2187 at-

118 2228 220 2276 que
246 2208 588 2276 juramentum
622 2225 712 2274 per
740 2225 836 2256 neo
861 2207 1210 2256 coronandum
1237 2211 1426 2275 Regem
1457 2210 1542 2257 di-=

111 2278 353 2337 cendum,
392 2293 588 2341 semper
615 2277 928 2324 coronationi
955 2278 1332 2341 praemittatur:
1367 2277 1496 2330 1659
1519 2298 1528 2325 :

115 2359 156 2400 1.
204 2350 360 2396 179οἱ
391 2351 435 2394 2.
477 2349 632 2397 1792:
658 2350 703 2392 2.
736 2349 982 2395 *183022

755 2466 795 2529 §.
852 2471 896 2514 5.

186 2569 369 2644 Leges
406 2571 593 2644 quibus
636 2568 767 2625 Rea:
807 2570 1060 2644 Popula,
1093 2580 1153 2630 et
1191 2572 1442 2649 Populus

513 2662 674 2740 Rege·
712 2669 1117 2743 obstringitur.
1343 2690 1348 2699 ·

251 2778 442 2828 Seriori
486 2789 712 2846 tempore
738 2781 894 2848 Leges
923 2782 1036 2833 illae
1063 2803 1268 2852 quoque
1285 2823 1298 2846 ,
1335 2789 1520 2854 quibus

117 2845 225 2896 Rex
254 2847 476 2914 Populo,
513 2848 589 2899 hic
626 2867 742 2901 vero
770 2851 889 2917 Regi
923 2864 1078 2904 semet
1107 2855 1405 2922 obstringit,
1443 2876 1527 2923 pe-
