1897 3440
665 276 998 322 -55-

124 415 214 480 giis
275 415 602 461 inconsonum
654 421 810 471 esset,
854 410 1001 457 statui
1048 415 1097 456 et
1132 406 1287 457 decidi
1328 413 1525 473 potest,

125 482 247 547 quin
280 484 379 529 imo
409 484 576 530 omnia
606 478 880 545 Synodalia
898 478 1023 525 Acta
1043 485 1093 523 et
1123 474 1271 522 Facta
1296 494 1391 542 pro
1421 475 1526 539 Ap-

123 549 422 615 probatione
449 549 703 597 Altissima
728 547 880 614 Regia
906 544 1152 594 substerni
1182 542 1374 592 debent.
1405 543 1530 592 Sen-

125 635 182 665 su
219 618 319 665 III·
358 628 411 665 tt.
451 623 497 666 2.
537 628 587 665 et
631 634 738 664 usu.

728 771 764 833 ς.
814 775 895 820 65.

196 920 251 972 8.
292 911 336 971 J
335 934 399 971 us·
437 919 595 971 circa
628 913 973 968 Gravamina
1004 909 1441 965 Ecclesz'astz‘ca.

257 1066 346 1114 Jus
381 1063 678 1112 Gravamina
707 1071 756 1107 et
780 1061 1094 1106 Differentias
1136 1057 1533 1120 Ecclesiasticas,

123 1153 245 1201 quas
273 1136 348 1194 ‘in
386 1131 557 1179 Rebus
607 1127 956 1194 Religionariis
1008 1127 1206 1174 evenire
1251 1128 1532 1192 contingit,

121 1198 444 1265 exaudiendi,
483 1194 862 1263 complanandi‚
893 1205 943 1242 et
968 1193 1237 1242 sufferendi
1268 1194 1399 1243 Suae
1427 1196 1533 1245 Ma-

121 1269 283 1336 jestati
315 1268 571 1333 competit.
621 1264 782 1313 Sensu
826 1269 979 1315 1548:
1021 1265 1097 1315 13,
1134 1271 1184 1310 et
1225 1279 1334 1311 usu.

743 1447 783 1495 ς.
832 1440 912 1486 66.

29 1619 31 1627 v
110 1597 181 1661 9.
234 1589 340 1646 Jus
370 1588 614 1664 Regium
642 1593 802 1646 eirca
846 1585 1088 1643 Scholas-
1121 1592 1179 1643 et
1210 1583 1529 1642 Fundat-²2⁰0-

516 1720 520 1723 ·
589 1706 686 1744 nes
715 1692 781 1744 ‘lu-
825 1686 1059 1741 Genere.

260 1850 439 1901 Adhuc
494 1851 572 1901 hic
624 1845 798 1919 attingi
832 1861 998 1918 potest
1039 1852 1128 1899 Jus
1162 1848 1374 1915 Regium
1403 1848 1536 1896 circa

122 1919 356 1981 Scholas‚
410 1921 748 1968 Fundationes
805 1932 855 1968 et
896 1920 992 1967 alia
1029 1920 1262 1967 Instituta
1301 1914 1537 1964 Literalia

121 1992 341 2038 exerceri
367 1990 603 2038 solitum:
645 1994 795 2038 1715:
845 1994 921 2037 74.
971 1992 1123 2035 1723:
1162 1991 1240 2035 70.
1304 1984 1367 2032 Vi
1402 1983 1537 2030 Juris

122 2056 271 2123 hujus
312 2059 554 2123 competit
582 2057 711 2105 Suae
755 2053 1005 2121 Majestati
1033 2054 1241 2102 facultas
1278 2050 1534 2099 Universi-

123 2134 248 2173 tates
287 2124 655 2183 Scienciarum‚
690 2123 1017 2183 Academias,
1048 2122 1345 2188 Gymnasia,
1382 2118 1534 2167 Scho-

125 2192 225 2253 las,
275 2203 326 2240 et
367 2195 601 2242 Instituta
641 2192 876 2240 Literalia
929 2191 1180 2256 erigendi,
1230 2190 1282 2235 in
1318 2188 1377 2234 iis
1418 2203 1536 2234 nor·

125 2278 259 2310 mam
300 2263 580 2310 studiorum
625 2259 923 2319 ordinandi,
960 2258 1308 2315 Professores,
1346 2264 1394 2302 et
1430 2254 1532 2303 Do·

125 2339 292 2378 centes
321 2329 575 2378 Cathedris
613 2329 843 2376 literariis
889 2325 1228 2392 praeficiendi,
1264 2324 1301 2370 F
1306 2321 1535 2370 undatio-

125 2397 275 2446 nibus
323 2397 711 2458 Ecclesiasticis,
760 2405 809 2445 et
857 2393 1172 2444 Scholasticis
1214 2389 1538 2458 inspiciendi,

126 2482 305 2515 eorum
345 2466 847 2524 administrationem,
901 2472 951 2511 et
985 2464 1201 2511 rationes
1239 2459 1536 2524 investigan-

129 2533 211 2595 di,
259 2535 530 2600 generatim
572 2535 737 2582 omnia
773 2550 857 2591 ea,
904 2549 1032 2597 quae
1079 2529 1140 2579 ad
1175 2538 1339 2595 partes
1375 2526 1538 2574 erudi-

129 2603 295 2662 tioniS,
329 2602 624 2662 studiorum,
661 2600 908 2659 culturae,
945 2615 1243 2663 morumque
1271 2597 1538 2662 pertinent,

133 2670 289 2718 libere
325 2671 495 2736 agendi
516 2709 527 2729 ,
567 2668 855 2729 ordinandi,
885 2664 1190 2715 nominandi.
1255 2666 1383 2712 Cum
1415 2680 1538 2711 vero

129 2739 182 2785 in
207 2738 464 2803 Hungaria
502 2737 740 2798 Scholae,
793 2747 842 2784 et
871 2736 1100 2783 Instituta
1138 2733 1230 2782 sub
1264 2735 1417 2799 Regia
1458 2733 1534 2779 In-

130 2809 386 2872 spectione
421 2808 712 2867 constituta,
751 2804 910 2852 multa
940 2806 1065 2863 sint,
1101 2801 1300 2864 eadem,
1337 2819 1436 2866 qua
1465 2810 1537 2847 ta·

133 2874 212 2935 iia,
246 2875 483 2941 peculiari
516 2875 689 2941 Capite
714 2881 1046 2941 exponentur,
