1964 3440
943 237 1277 283 -7g„.‚

384 378 495 426 aliis
541 376 825 494 Dicgsteriis
864 377 994 428 Suae
1036 375 1312 443 Majestatis
1342 373 1681 442 independens
1710 384 1803 424 est.

392 452 551 498 1741:
589 452 612 494 1
655 480 669 493 .

382 551 430 606 ³¹¹⁵)
490 550 553 594 Ea
577 560 684 605 quae
714 550 793 594 sub
828 548 852 573 *
875 550 928 593 de
958 549 1110 593 Status
1134 547 1375 592 cabinetto
1392 546 1553 604 Capite
1568 543 1647 589 VI.
1668 541 1808 601 §1323

496 614 697 661 respectu
735 609 1099 650 Pei-tractationis
1139 606 1499 661 ponderosiorum
1531 602 1807 656 objectorum

496 664 786 709 Juridicorum
824 664 1047 714 dicuntur,
1089 670 1289 717 respectu
1319 659 1703 703 momentosiorum
1731 657 1811 701 ob-

493 723 709 777 jectomm
738 718 1025 762 Politicorum
1054 733 1221 773 quoque
1251 718 1416 763 valent·

995 851 1034 915 ς.
1088 855 1170 900 97.

393 976 598 1033 Status
648 964 988 1031 Personaloe's
1039 974 1332 1030 Excelsae
1393 973 1800 1029 Cancellarz'ae.

528 1102 742 1151 Excelsa
789 1100 1099 1150 Cancellaria
1135 1101 1288 1168 Regia
1327 1097 1822 1167 Hungarico-Aulica

384 1181 588 1222 constat
620 1189 757 1218 nunc
784 1169 1046 1231 Praeside,
1078 1168 1236 1219 Aulae
1270 1169 1456 1236 Regiae
1485 1167 1820 1226 Cancellario‚

385 1243 492 1290 sive
516 1239 834 1289 Cancellario
864 1238 1022 1304 Regio
1053 1238 1345 1304 Hungarico
1374 1238 1556 1286 Aulico
1575 1274 1588 1297 ,
1617 1232 1667 1301 ¹⁴²)
1698 1237 1821 1284 item

387 1308 587 1359 duobus
638 1306 1116 1355 Pro-cancellariis
1154 1307 1444 1370 Hungarico
1486 1305 1710 1365 Aulicis,
1739 1302 1825 1351 de-

388 1397 532 1427 mum
562 1375 834 1424 duodecim
866 1375 1178 1423 Consiliariis
1223 1384 1273 1422 et
1316 1372 1688 1422 Referendariis
1721 1373 1821 1421 Au.

387 1448 531 1507 licis,
572 1461 794 1512 quorum
832 1443 932 1493 duo
970 1454 1086 1492 sunt
1114 1461 1177 1492 ex
1214 1442 1588 1507 Praelatorum‚
1627 1439 1727 1488 duo
1759 1457 1824 1488 ex

391 1517 720 1582 Magnatum,
760 1523 877 1562 octo
914 1530 1036 1561 vero
1077 1530 1140 1559 ex
1176 1511 1438 1562 Nobilium
1474 1511 1652 1571 Statu,
1687 1507 1829 1557 habi-

389 1595 443 1632 ta
499 1582 670 1651 quoad
705 1600 869 1629 unum
921 1580 1339 1629 Referendarium
1374 1579 1647 1630 reflexione
1673 1576 1827 1626 etiam

389 1655 551 1720 Regni
603 1653 865 1710 Croatiae,
915 1654 1073 1698 1765:
1111 1654 1192 1702 35.
1230 1677 1297 1686 -
1334 1649 1536 1698 demum
1591 1646 1827 1715 pluribus

390 1721 688 1771 Secretariis
744 1729 848 1766 tam
895 1717 1230 1782 Actualibus,
1281 1736 1437 1785 quam
1489 1715 1828 1774 Honorariis‚

388 1787 671 1854 (interdum
709 1790 861 1837 etiam
891 1787 1188 1845 Actualibus
1222 1785 1706 1854 Supernumerariis)
1736 1784 1824 1850 qui

390 1876 600 1920 omnes,
638 1875 741 1920 „esc
777 1857 1053 1921 omnibus,
1091 1859 1164 1904 uti
1216 1858 1323 1906 Lex
1360 1855 1508 1905 habet
1547 1861 1700 1906 1741:
1740 1855 1819 1902 13.

394 1929 569 1990 Regni
598 1927 889 1986 Partibus,
936 1935 990 1974 et
1016 1927 1453 1976 Possessionatz's
1483 1922 1827 1988 Hungarz‘s,“

393 2023 461 2035 --
500 2014 528 2042 a
564 1994 666 2044 Sua
703 1993 963 2059 Majestate
999 1995 1402 2044 denominantur.
1437 1994 1654 2059 Reliqua
1688 1988 1825 2038 Indi-

394 2064 549 2113 vidua
585 2063 719 2110 infra
749 2061 1089 2125 Secretarios‚
1124 2082 1259 2113 nunc
1287 2081 1386 2111 una
1411 2079 1528 2111 cum
1562 2066 1624 2111 14
1657 2061 1825 2126 Agen-

394 2133 533 2181 tibus
583 2131 812 2193 Aulicis,
849 2148 1117 2180 numerum
1173 2137 1271 2181 1-40
1305 2131 1688 2190 constituentia,
1741 2123 1827 2175 vel

396 2201 499 2251 Sua
543 2199 810 2267 Maiestas,
859 2199 940 2248 vel
991 2202 1141 2249 etiam.
1177 2203 1282 2267 ipsa
1318 2197 1526 2248 Excelsa
1565 2195 1826 2247 Cancella·

395 2271 470 2318 ria
508 2271 569 2318 R.
608 2269 702 2318 sibi
727 2270 968 2318 nominat.
998 2269 1208 2319 Decreta
1235 2280 1284 2317 et
1314 2268 1604 2335 Diplomata
1634 2266 1791 2330 Regia
1810 2299 1825 2324 ,

397 2348 493 2407 per
542 2338 697 2387 Suam
744 2335 1086 2403 Maiestatem,
1132 2337 1418 2387 Praesidem
1455 2335 1827 2386 Cancellarium

399 2420 450 2457 et
500 2426 663 2456 unum
725 2406 1142 2456 Referendarium
1197 2404 1599 2455 subscribuntur.
1652 2402 1833 2452 Decisa

399 2487 451 2524 et
489 2476 724 2524 Intimata
766 2475 1001 2525 Excelsae
1038 2476 1406 2536 Cancellariae,
1442 2476 1658 2524 Nomine
1695 2471 1828 2521 Suae

401 2543 681 2604 Maiestatis
733 2543 865 2592 edita
901 2581 915 2606 ,
960 2563 1051 2611 per
1101 2544 1383 2594 praesidem
1423 2536 1830 2598 Cancellarium,

402 2632 562 2661 unum
599 2612 1015 2661 Referendarium
1034 2652 1047 2677 ,
1083 2625 1133 2664 et
1167 2631 1323 2662 unum
1349 2611 1682 2661 secretarium
1711 2609 1825 2657 sub·

402 2679 554 2731 scribi
587 2680 767 2730 solent.
803 2710 871 2719 -—
904 2680 971 2747 **)
1452 2679 1453 2682 ’

399 2803 442 2854 “)
499 2802 641 2846 Sensu
671 2808 717 2845 et
745 2804 1078 2863 Combinatione
1106 2808 1240 2847 1486:
1270 2804 1340 2846 68.
1379 2806 1508 2849 1492:
1539 2809 1607 2848 42.
1635 2806 1739 2848 item
1769 2818 1825 2845 ex

509 2860 898 2913 subscriptionibus
936 2861 1222 2906 Decretorum
1270 2863 1376 2903 1464
1405 2891 1416 2909 ‚
1459 2877 1508 2904 ac
1549 2863 1652 2905 1595
1696 2860 1825 2904 facile
