1964 3440
937 241 1270 286 ..3ο-

397 379 541 427 nibus
572 378 679 426 latis
707 378 924 444 Legibus
954 380 1015 427 ab
1047 396 1177 428 anno
1210 385 1357 429 1555:
1390 387 1432 428 4.
1465 398 1618 447 usque
1653 386 1794 433 1808:

395 453 439 496 3.
472 447 666 494 abunde
698 458 860 511 patet,
898 449 998 496 imo
1028 447 1128 514 jam
1158 453 1311 500 1723:
1341 448 1600 498 70.Status
1623 461 1672 498 et
1690 447 1794 501 OO-

394 517 555 580 Regni
596 526 655 562 eo
692 514 911 562 Consilia
952 534 1036 563 sua
1081 517 1421 578 direxerunt‚-
1447 529 1543 578 „ut
1568 521 1620 567 in
1651 521 1793 566 Aca-

396 583 586 632 demiis
619 584 809 630 Statui
836 601 1048 650 quoque
1086 584 1303 648 publico
1348 592 1418 635 et*
1444 587 1681 645 Militari
1707 586 1798 635 de-

394 654 682 701 servientia
730 651 924 700 Studia
970 665 1302 712 tractentur,
1356 666 1409 703 et
1444 654 1796 719 pei-'idoneos

398 722 731 782 Professores
761 719 1106 769 tradantur.“
1142 750 1206 759 —
1243 724 1398 771 Maria
1431 725 1664 771 Ther-osia
1707 741 1798 790 pro

400 789 621 837 Statibus
661 789 758 834 suis
795 794 936 838 1746.
973 789 1290 838 Academiam
1320 793 1619 858 Equestrem
1647 794 1796 841 Vien-

397 874 600 905 nensem
629 855 873 914 fundans,
920 858 1121 903 insimul
1162 859 1285 907 hanc
1324 860 1645 908 Academiam
1684 877 1799 926 pro-

395 924 625 971 ventibus
657 924 901 971 Abbatiae
931 924 1164 971 Bataszc‘aek
1196 944 1254 972 eo
1283 925 1379 975 fine
1408 929 1598 977 dotavit
1617 966 1631 988 ,
1667 939 1722 976 ut
1747 931 1801 975 'in

396 1010 451 1040 ea
481 994 627 1039 etiam
657 991 943 1057 quindecim
974 991 1180 1040 Nobiles
1210 991 1423 1042 Juv'enes
1456 999 1677 1062 Hungari
1711 998 1799 1044 mi·

394 1060 623 1109 litaribus
650 1060 879 1108 Scientiis
915 1058 1226 1106 docerentur.
1267 1058 1317 1125 ²⁸)
1371 1064 1483 1112 Hoc
1522 1061 1620 1110 fine
1652 1066 1802 1130 longe

397 1130 598 1198 quidem
628 1131 784 1178 serius
820 1132 972 1180 1802:
1001 1134 1050 1175 4.
1081 1138 1178 1174 tres
1201 1129 1413 1194 insignes
1443 1133 1690 1196 patriotae
1717 1150 1802 1180 no-

398 1198 570 1249 tabiles
605 1198 919 1246 fundationes
946 1196 1203 1255 fecerunt,
1256 1208 1310 1243 ut
1335 1215 1396 1244 ex
1423 1200 1482 1245 iis
1526 1201 1613 1259 „in
1658 1203 1805 1249 Aca-

399 1268 584 1318 demia
619 1267 846 1315 militari
875 1267 1161 1315 Viennensi
1185 1265 1394 1332 aliquot
1420 1268 1678 1328 Juvenes,
1712 1267 1804 1319 do-

399 1356 495 1387 nec
528 1343 579 1386 in
612 1339 799 1403 Regno
825 1336 1014 1387 similis
1047 1339 1299 1384 instituta
1314 1336 1518 1396 fuerit,
1561 1336 1804 1386 Scientiis·

401 1406 742 1457 Militaribus
779 1405 1148 1456 imbuantur.“
1179 1431 1243 1441 --
1276 1406 1398 1452 Mox
1425 1423 1545 1455 vero
1579 1409 1728 1456 1808:
1759 1411 1804 1453 ⁷.

399 1476 567 1524 Status
608 1488 657 1523 et
711 1477 818 1523 OO.
857 1492 952 1540 pro
990 1474 1137 1522 solito
1181 1491 1270 1522 suo
1299 1491 1412 1539 erga
1444 1476 1725 1539 Principem
1756 1484 1806 1522 et

399 1546 614 1591 Patriam
652 1562 820 1592 amore
857 1542 1067 1601 „liberis
1099 1543 1464 1591 oblationibus
1502 1542 1807 1591 notabilem

389 1610 635 1674 fundum
674 1613 980 1674 conflarunt
1003 1650 1018 1673 ‚
1064 1624 1126 1660 ut
1162 1612 1474 1661 Nationalis
1503 1610 1810 1660 Academia

405 1682 670 1730 Militaris
712 1686 763 1728 in
813 1684 992 1746 Regno
1026 1684 1181 1747 erigi,
1226 1693 1280 1728 et
1309 1680 1496 1730 studia
1539 1682 1809 1729 militaria

399 1752 706 1812 promoveri
743 1755 1004 1812 posst'nt.“
1043 1779 1108 1786 —
1163 1750 1423 1798 Academia
1466 1749 1584 1796 haec
1612 1787 1624 1810 ‚
1675 1761 1809 1816 post-

402 1836 553 1882 quam
602 1818 769 1864 Status
806 1829 855 1866 et
905 1819 1012 1866 OO.
1059 1838 1085 1866 a
1132 1819 1231 1867 Sua
1274 1817 1527 1883 Majestate
1565 1820 1807 1884 inpertra-

403 1897 548 1943 runt,
602 1895 718 1944 „ut
760 1886 1072 1935 Academia
1103 1885 1240 1935 haec
1289 1888 1495 1935 amoris
1527 1888 1812 1947 Augustae

388 1954 681 2016 ¹Dominae
708 1956 943 2020 (Reginae
979 1967 1148 2004 eotum
1175 1963 1459 2016 coronatae)
1498 1957 1551 2003 in
1583 1954 1812 2003 Gentem

402 2023 734 2087 Hungararn
769 2025 1061 2070 memoriam
1101 2036 1451 2072 conservatum
1496 2025 1813 2072 Ludovicea

406 2091 770 2154 appelletur,“
807 2118 875 2126 ——
904 2093 1063 2139 Vatzii
1102 2109 1304 2156 quoque
1341 2090 1587 2140 aedificari
1618 2092 1811 2158 coepit,

406 2160 490 2207 sed
526 2160 590 2207 ob
628 2171 914 2224 temporum
952 2163 1327 2207 novercantium
1355 2159 1612 2222 adjuncta,
1656 2161 1715 2207 ad
1760 2157 1811 2206 fi-

407 2245 520 2275 nem
546 2229 859 2294 propositum
893 2228 1095 2292 perduci
1133 2245 1233 2274 non
1258 2230 1447 2291 potuit,
1488 2229 1605 2276 licet
1636 2247 1728 2295 pro
1758 2246 1813 2274 ea

409 2298 559 2344 etiam
615 2301 782 2347 1812:
817 2301 863 2345 2.
914 2296 1086 2361 plures
1138 2296 1387 2343 notabiles
1435 2295 1713 2344 oblationes
1750 2297 1816 2342 sh-

411 2373 517 2411 ctae
549 2364 753 2413 fuerint.
789 2364 1011 2411 Tandem
1048 2364 1198 2429 igitur
1228 2382 1357 2412 anno
1399 2369 1540 2415 182⁷.
1574 2370 1650 2414 1⁷.
1681 2375 1813 2431 post-

410 2450 560 2497 quam
613 2432 748 2480 hunc
796 2433 847 2478 in
893 2430 1042 2479 finem
1088 2433 1286 2479 novitus
1321 2434 1527 2498 insignia
1568 2431 1814 2481 sacrificia

409 2498 535 2559 lata,
588 2511 636 2547 et
674 2518 766 2566 pro
805 2499 1147 2547 emolumento
1184 2499 1340 2546 Fundi
1387 2500 1681 2549 Academiae
1715 2511 1815 2547 tam

409 2570 640 2633 antiquae
673 2569 816 2616 aedes
845 2568 1127 2615 Theresiani
1170 2568 1293 2615 olim
1335 2570 1635 2630 Vatziensis‚
1665 2586 1816 2634 quam

411 2646 462 2684 et
482 2635 625 2683 fundi
654 2635 1074 2684 Concurrentialis
1104 2639 1469 2701 supernatantia
1496 2638 1817 2692 Interusuria‚

413 2704 653 2752 destinata
684 2704 924 2758 fuissent,
963 2715 1199 2751 statutum
1242 2715 1342 2762 est,
1381 2718 1476 2767 „ut
1503 2715 1719 2752 attacta
1748 2706 1817 2749 A-

412 2770 699 2833 cademia,
742 2774 795 2819 in
839 2783 1111 2838 quantum
1156 2772 1392 2821 actualis
1443 2779 1558 2836 ejus
1598 2769 1819 2820 Fundus

387 2838 670 2905 suppetit,
700 2839 907 2907 absque
934 2841 1184 2889 ulteriori
1203 2843 1438 2893 merdin
1468 2843 1702 2891 Ciuitate
1726 2842 1823 2889 Pe·-
