1897 3440
672 225 1002 270 -49-2—

117 373 280 438 ginem
317 364 511 413 habent.
573 361 793 424 Hungari
842 360 978 406 enim
1019 358 1237 421 primum
1283 371 1434 420 opera
1476 363 1524 401 et

117 437 282 487 studio
335 431 627 499 pientissimi
657 463 661 469 .
688 426 835 493 hujus
887 425 1036 488 Regis
1087 421 1145 467 ad
1212 422 1521 487 Religionem

113 503 446 553 Christianam
463 497 734 563 {conversi,
755 542 765 546 ,
788 504 842 539 ut
869 491 1019 538 iidem
1051 492 1102 536 in
1137 489 1224 537 hac
1262 491 1523 555 Religione

117 570 536 622 confirmarentur
561 576 611 613 et
639 563 967 619 docerentur,
1007 557 1137 604 idem
1164 557 1300 614 Rex,
1329 576 1383 606 ac
1410 559 1522 605 sub·

116 657 268 706 seque
303 641 450 686 etiam
478 635 560 681 alii
579 622 737 697 Reges
768 629 1066 694 Hungariae,
1094 624 1380 690 complures
1408 626 1520 690 Epi-

115 716 348 773 scopatus
377 741 390 764 ,
438 701 672 750 Abbatias
701 736 713 760 ,
782 696 1189 761 PraeposituraS,
1239 704 1289 740 et
1354 693 1518 740 Eccle-

113 778 208 824 sias
240 771 539 829 fundarunt,
589 770 639 814 in
676 783 856 831 easque
902 767 1070 821 viros,
1108 760 1321 826 pietate,
1355 761 1517 808 erudi.

114 847 265 902 tione,
303 860 358 889 ac
385 840 573 887 meritis
602 834 962 901 praecellentes
994 830 1277 878 illocarunt.
1318 825 1406 872 Per
1433 828 1520 876 has

111 911 448 965 illocationes,
493 923 548 952 ac
588 903 662 950 uti
704 902 1012 951 Verbfficzius
1042 897 1190 945 dicit:
1228 909 1353 956 „per
1387 896 1520 952 eju&

111 976 265 1027 modi
313 972 675 1039 fundationes
729 987 949 1019 omnem
996 963 1343 1027 facultatem
1382 960 1524 1007 Juris

115 1050 454 1095 Patronatus
505 1038 922 1093 nominationis,
971 1034 1280 1090 electionis,
1318 1039 1372 1077 et
1414 1029 1523 1077 col-

108 1116 327 1165 lationis
359 1109 737 1171 beneficiorum
770 1101 1282 1151 Ecclesiasticorum
1309 1095 1522 1145 sibiae·

109 1182 496 1253 quisiverunt.“
554 1178 703 1223 Part.
750 1173 787 1219 1.
818 1182 880 1219 tt.
920 1176 998 1219 ll.
1061 1171 1229 1220 1790:
1266 1169 1347 1213 23.

240 1250 306 1298 Vi
347 1249 482 1296 Juris
523 1246 822 1294 Patronatus
850 1238 1064 1286 liberum
1099 1238 1267 1301 itaque
1293 1242 1367 1281 est
1425 1231 1518 1278 Re·

103 1324 152 1390 gi
180 1323 232 1368 in
263 1315 548 1382 Hungaria,
576 1309 907 1374 Partibusque
938 1304 1165 1362 adnexis,
1194 1319 1296 1348 non
1325 1310 1515 1348 tantum

105 1406 279 1441 omnes
309 1385 586 1450 Dignitates
613 1376 1005 1433 Ecclesiasticas,
1043 1372 1182 1420 Viris
1214 1368 1518 1418 Ecclesiastiu

105 1460 192 1517 εἰς,
223 1453 474 1523 probitate
501 1461 552 1498 et
586 1449 776 1495 meritis
802 1440 1138 1492 eminentibus
1155 1475 1169 1499 ,
1196 1435 1516 1493 conferendi,

104 1525 191 1577 sed
231 1525 382 1573 etiam
418 1518 620 1568 eosdem
647 1513 859 1562 utilitate
879 1548 891 1570 ,
929 1508 1010 1557 vel
1043 1506 1332 1565 necessitate
1359 1503 1512 1569 depo-

104 1604 296 1651 scente,
329 1607 392 1638 ex
422 1606 523 1635 uno
551 1585 664 1633 loco
688 1580 751 1630 ad
783 1581 938 1627 alium
971 1573 1334 1632 transferendi,
1360 1590 1417 1620 ac
1446 1571 1514 1618 di-

105 1662 367 1728 sciplinam
407 1666 664 1704 externam
707 1648 957 1698 Ecclesiae
1000 1639 1402 1711 praescribendi3
1450 1664 1515 1675 -

103 1734 140 1781 si
172 1736 317 1796 quos
348 1723 689 1774 Praelatorum
727 1715 806 1767 vel
852 1716 1185 1762 Personarum
1208 1708 1516 1758 Ecclesiasti-

103 1816 275 1853 carum
312 1791 564 1844 beneficiis
610 1787 710 1835 suis
747 1784 883 1833 abuti
937 1781 1278 1844 contingeret,
1312 1775 1513 1824 eosdem

103 1889 131 1918 a
191 1861 449 1915 Beneficiis
512 1854 808 1914 amovendi,
875 1850 959 1898 vel
1002 1850 1040 1896 si
1110 1846 1357 1895 Ecclesias
1403 1861 1514 1891 suas

102 1933 317 1987 desolari
358 1928 702 1997 permitterent
737 1959 750 1982 ,
808 1919 982 1967 iisdem
1017 1925 1294 1983 proventus
1336 1929 1510 1977 seque·

102 2001 291 2055 stt-andi
319 2035 333 2059 ,
412 2007 463 2046 et
515 1997 566 2041 in
609 1990 1020 2040 restaurationem
1064 1981 1510 2032 ecclesiasticorum

101 2068 450 2123 AEdificiorum
492 2057 832 2113 convertendi.
879 2057 1010 2103 Part.
1055 2053 1094 2100 I.
1140 2061 1194 2097 tt.
1229 2055 1305 2098 ll.
1355 2046 1507 2096 Math.

102 2141 164 2189 D.
200 2139 290 2186 III.
334 2139 412 2184 18.
454 2135 618 2182 1723:
661 2134 741 2177 71.
786 2152 852 2161 -
890 2120 1039 2181 Quod
1073 2134 1315 2186 personae
1350 2116 1504 2164 eccle·

100 2208 321 2270 siasticae
361 2198 673 2251 beneficialia
727 2195 859 2246 bona
901 2208 994 2238 nec
1031 2189 1277 2245 alienare,
1300 2201 1389 2232 nec
1417 2201 1504 2249 op-

102 2278 370 2343 pignorare
391 2308 405 2333 ,
448 2287 540 2318 nec
586 2266 693 2314 aliis
724 2259 960 2312 oneribus
999 2256 1256 2305 involvere
1282 2250 1508 2309 valeant,

102 2344 153 2392 id
181 2359 272 2409 per
308 2358 358 2389 se
383 2353 604 2406 quoque,
631 2343 681 2382 et
713 2348 854 2380 sensu
889 2329 1045 2378 1567:
1083 2330 1161 2374 31.
1200 2322 1392 2370 clarum
1418 2329 1506 2367 est,

98 2412 196 2462 Hic
237 2407 398 2458 adhuc
431 2402 689 2455 observari
725 2407 919 2467 potest,
965 2393 1101 2460 quod
1127 2389 1507 2454 Archi-Episco-

101 2481 153 2546 pi
181 2488 230 2527 et
255 2475 489 2543 Episcopi
516 2490 606 2540 per
634 2470 789 2519 Suam
819 2463 1129 2529 Maiestatem
1170 2457 1474 2506 denominati
1497 2493 1508 2517 ‚

100 2548 176 2596 sui
204 2542 649 2594 Confirmationem
690 2556 714 2585 a
743 2531 984 2584 Pontifice
1010 2545 1213 2596 quoque
1240 2527 1510 2591 impetrare

97 2621 464 2665 consveverunt
482 2648 494 2672 ,
545 2624 672 2675 quae
703 2600 1058 2659 Confirmatio,
1094 2596 1334 2661 depositis
1360 2594 1507 2641 certis

99 2683 254 2742 taxis,
291 2696 548 2745 nunquam
576 2691 805 2725 emanere
840 2667 979 2718 solet.
1019 2691 1086 2706 --
1114 2664 1273 2714 Sensu
1310 2663 1435 2711 Part.
1471 2660 1506 2706 Ι,

100 2762 156 2800 tt.
199 2755 274 2800 11.
318 2747 461 2798 Ferd.
504 2747 544 2795 Ι.
590 2745 654 2796 D.
700 2743 827 2792 XII:
869 2744 944 2788 14.

1252 2877 1279 2918 4
