1897 3440
661 237 999 280 ...47-

131 371 460 425 Custodiam
491 371 653 420 Sacri
673 370 918 433 Corporis
949 368 1104 431 Regii
1120 363 1537 415 destinata.“--

131 446 350 492 Turmae
380 440 525 507 hujus
575 439 902 505 Capitaneum
943 450 1091 482 sensu
1131 431 1354 497 ejusdem
1394 433 1541 499 Legis

130 511 232 559 Sua
266 508 499 574 Majestas
529 508 779 564 nominat,
818 505 904 569 qui
946 519 1006 551 eo
1044 503 1193 550 etiam
1232 501 1542 568 Dignitatem

129 579 339 628 Baronis
354 578 509 644 Regni
533 574 783 622 Ordinarii
799 572 1003 621 obtinet.
1020 567 1281 618 Individua
1293 587 1412 618 vero
1434 573 1544 627 120,

131 664 226 713 pro
271 646 366 695 hoc
403 646 658 712 praetorio
703 642 907 689 servitio
949 638 1158 697 idonea,
1190 638 1466 685 Comitatus
1495 645 1544 684 et

131 716 437 781 respectivae
453 710 835 760 Jurisdictiones
856 726 913 756 ex
931 705 1102 756 Nobili
1118 707 1386 753 ,iuventute
1401 705 1543 752 Hun-

127 786 292 849 garica
317 789 625 849 proponunt.
665 775 870 826 Fundus
898 777 1108 837 Cassae,
1137 791 1198 822 ex
1227 790 1324 839 qua
1354 773 1545 820 Turma

127 851 246 900 haec
286 849 540 899 Praetoria
581 855 917 905 sustentatur,
960 846 1011 891 in
1049 839 1226 890 Diaeta
1265 845 1419 894 1827:
1459 844 1544 889 36.

129 920 334 966 novitus
379 915 698 965 coordinatus
738 924 787 961 et
831 920 1136 961 restauratus
1162 920 1250 958 est.
1310 909 1544 957 Caetera

127 979 304 1036 videri
333 995 560 1051 possunt
587 986 641 1031 in
676 980 1229 1043 Resolutionefiegia
1254 975 1384 1027 ddto
1411 987 1547 1030 liae

132 1054 276 1116 Sept.
319 1053 462 1106 1760.
494 1063 548 1101 et
576 1055 628 1099 in
659 1049 922 1096 Intimato
950 1047 1176 1094 Excelsi
1207 1047 1428 1096 Consilii
1438 1047 1546 1096 Re-

115 1124 200 1186 gii
233 1123 291 1171 L.
324 1122 391 1169 H.
423 1121 486 1167 A.
521 1115 651 1167 ddto
681 1118 863 1169 25tiae
893 1116 1029 1181 Aug.
1065 1124 1215 1168 1308.

754 1314 793 1376 ς.
834 1316 909 1361 56.

357 1457 501 1512 Aula
545 1451 894 1529 Begae’narum
932 1454 1291 1528 Hnngarz'ae.

259 1614 444 1663 Aulam
462 1615 765 1681 Reginarum
783 1615 1068 1680 Hungariae
1083 1652 1095 1675 ‚
1123 1615 1237 1663 dum
1257 1617 1306 1661 in
1331 1611 1537 1664 Throno

128 1695 367 1752 regnante
393 1682 636 1743 resident,
673 1683 881 1731 eandem
906 1700 1041 1744 esse,
1080 1702 1207 1750 quae
1235 1683 1430 1747 Regum
1447 1694 1538 1743 est,

131 1773 194 1801 ex
223 1770 272 1801 se
300 1755 439 1818 ipso,
480 1762 629 1816 atque
659 1769 719 1799 ex
761 1751 799 1804 6.
834 1756 878 1800 9.
908 1763 1090 1816 sponte
1124 1752 1245 1798 fluit.
1298 1751 1426 1799 Aula
1468 1762 1539 1799 ta·

128 1839 243 1870 men
263 1821 596 1886 Reginarum,
623 1837 722 1884 qua
754 1821 986 1867 Uxorum
1014 1820 1210 1885 Regum
1239 1820 1542 1885 Hungariae‚

126 1889 342 1955 Legibus
370 1888 555 1936 nostris
590 1889 713 1935 nihil
742 1888 1005 1953 peculiaris
1036 1887 1333 1936 attributum
1374 1887 1536 1936 habet.

127 1956 426 2005 Verbo'tzius
470 1956 606 2004 Imae
650 1967 705 2003 tt.
753 1961 831 2010 94.
876 1955 1148 2003 nonnullos
1189 1957 1409 2004 Barones
1440 1957 1537 2004 Re·

123 2025 238 2090 gni,
284 2041 467 2089 nempe
510 2024 939 2083 Tavemicorum,
986 2025 1301 2082 Janitorum,
1338 2025 1537 2073 Pincer-

124 2110 301 2141 narum
320 2129 333 2153 ‚
371 2088 730 2157 Dapiserorum
761 2095 810 2140 e‘t
837 2093 1130 2157 Agazonum
1155 2091 1412 2154 Regalium
1431 2093 1537 2140 Ma-

123 2161 334 2226 gistrOS‚
370 2162 518 2208 etiam
563 2160 735 2209 Titulo
790 2160 1172 2225 „Reginalium
1214 2161 1383 2224 Regni
1427 2161 1535 2208 Ba-

124 2233 382 2287 ronum,“
424 2238 582 2276 ornat.
636 2228 1006 2276 Consvetudine
1054 2231 1258 2293 antiqua
1296 2229 1533 2295 Episcopi

124 2298 550 2362 Veszprimienses
576 2296 723 2343 simul
754 2294 1046 2344 Cancellarii
1066 2298 1283 2361 Reginae
1304 2296 1533 2358 fuerunt,

124 2366 212 2430 qui
243 2366 390 2411 etiam
419 2365 633 2429 Reginas
659 2381 902 2412 coronare
941 2363 1182 2411 sotebant.
1219 2391 1283 2401 —
1326 2366 1363 2413 A
1409 2375 1531 2413 tem·

123 2431 335 2500 poribus
362 2432 689 2480 Maximiliani
726 2433 879 2499 Regis
914 2432 1063 2481 1559:
1104 2438 1182 2481 42.
1224 2449 1533 2481 neocorona-

123 2502 186 2550 tis
229 2500 428 2564 Reginis
473 2502 620 2548 etiam
661 2499 984 2549 honorarium
1044 2501 1211 2549 offerri
1261 2501 1401 2549 solet.
1465 2528 1532 2539 —-

126 2567 495 2616 Consvetudine
545 2567 781 2615 moderna
821 2566 1070 2634 Coniuges
1112 2570 1305 2634 Regum
1350 2567 1533 2618 habent

127 2636 281 2683 Suam
313 2635 641 2699 Supremam
670 2636 856 2685 Aulae
893 2637 1262 2702 Magistram,
1300 2637 1530 2702 (bofmet't

125 2703 280 2760 stetin)
313 2714 363 2751 et
392 2705 518 2752 circa
550 2722 602 2751 se
643 2722 792 2770 quam
831 2704 1072 2772 plurimas
1122 2707 1388 2756 Dominas
1424 2710 1529 2756 Pa-

127 2774 283 2833 latii,
339 2773 570 2837 (Dames
609 2771 682 2821 du
724 2773 960 2840 Palais.)
1011 2776 1270 2824 Praeterea
1307 2775 1528 2840 Regina,

124 2840 433 2890 Dominabus
470 2839 531 2888 de
562 2840 834 2891 Stemmate
870 2845 1032 2892 altiori
1081 2844 1238 2906 natis,
1288 2843 1528 2896 Ordinem
