1897 3440
647 259 1012 302 ——105-

111 389 153 438 Ὦ
209 387 429 430 Hodierna
486 390 660 443 vigente
693 387 820 430 Praxi
861 387 1075 443 gravioris
1112 381 1525 440 momentilObjecta

227 446 360 486 etiam
387 444 438 484 ad
456 442 603 486 Status
631 442 932 490 Cabineuum,
964 444 1030 483 cui
1057 442 1142 482 Sua
1166 442 1379 496 MaJ'estas
1405 454 1532 494 prae-

221 500 360 547 sidet,
394 505 438 541 et
467 500 539 540 ubi
582 514 686 540 nunc
714 502 845 540 etiam
885 499 966 540 duo
994 498 1224 552 Huugarici
1254 498 1401 539 Status
1424 497 1540 538 Con-

223 557 382 596 siliarii
424 556 651 604 adsident,
694 555 846 595 deduci
875 559 1079 607 possunt3
1111 559 1242 605 atque
1292 554 1360 594 hic
1393 554 1541 594 decisa

221 610 419 664 objecta,
461 612 512 652 de
547 612 733 662 positivo
775 612 904 652 Jussu
946 611 1108 665 Regio,
1154 608 1295 648 medio
1327 608 1539 648 Excelsae

229 665 515 710 cancellariae
556 667 718 722 Regiae
754 667 1006 722 Hungarico
1041 665 1219 706 Aulicae
1242 664 1514 705 intimantur.

728 738 767 802 ᾗ.
811 745 918 789 133.

110 827 184 885 11.
232 826 584 884 Cancellaroe'a
648 825 841 901 Regia
870 828 1105 890 Minor,
1156 832 1215 882 et
1257 823 1544 881 Persona-

372 905 379 916 ²
663 906 737 960 lis
776 902 1014 977 Regina.

255 998 641 1046 cancellariam
668 999 894 1060 Regiam
918 998 1182 1045 Minorem
1202 993 1431 1058 adjLatus
1456 1002 1540 1041 su*

111 1085 198 1116 um
217 1064 378 1127 habet,
398 1066 715 1114 Personalz‘s
734 1066 1083 1113 Praesentiae
1104 1066 1297 1127 Regiae
1318 1068 1370 1109 in
1389 1063 1538 1109 Judt·

108 1140 206 1184 ciis
229 1134 613 1184 Locumtenens
631 1171 643 1194 ,
673 1135 776 1200 qui,
812 1153 909 1199 qua
938 1132 1076 1192 talis,
1095 1133 1302 1180 Inclitae
1323 1128 1544 1177 Tabulae

110 1205 293 1268 Regiae
319 1202 614 1250 Judiciariae
653 1204 914 1266 praesidet,
937 1211 986 1249 et
1037 1212 1092 1248 ut
1119 1203 1168 1247 in
1199 1200 1369 1247 eadem
1394 1198 1543 1246 Justi-

106 1273 174 1318 tia
186 1269 352 1317 debito
369 1269 518 1318 modo
539 1270 877 1333 distribuatur,
921 1287 1067 1318 curae
1087 1267 1246 1317 habet.
1272 1268 1410 1315 Idem
1431 1268 1547 1312 Per·

107 1337 293 1386 sonalis
324 1338 526 1402 Regius,
563 1338 963 1387 Sententionales
988 1339 1335 1394 Processumn,
1356 1339 1405 1381 in
1445 1335 1545 1381 Cu-

108 1407 182 1455 ria
210 1406 378 1472 Regia,
411 1406 490 1452 vel
532 1407 723 1453 Tabula
756 1408 938 1472 Regia,
983 1405 1274 1464 finitorum,
1318 1404 1537 1453 Nomine

108 1475 243 1524 Suae
282 1471 555 1539 Majestatis
585 1473 677 1521 sub
707 1473 884 1540 Sigillo
909 1476 1066 1539 Regio
1085 1470 1367 1521 Judieiciali
1389 1486 1545 1537 expe-

108 1543 200 1601 dit,
232 1559 404 1590 coram
433 1559 534 1606 quo
569 1554 620 1590 et
637 1542 717 1589 alii
735 1553 872 1591 actus
892 1540 1164 1608 judiciales,
1194 1540 1335 1588 velut
1365 1556 1538 1588 coram

107 1612 220 1659 aliis
252 1608 513 1657 Judicibus
556 1610 713 1674 Regni
745 1609 1019 1658 Ordinarii‘s
1042 1648 1054 1671 ,
1093 1618 1404 1676 peraguntur
1428 1644 1442 1667 ,
1479 1605 1541 1653 ab

109 1696 273 1744 eoque
291 1677 481 1724 diversa
501 1679 731 1725 Mandata
752 1678 1002 1741 judicialia
1017 1673 1540 1745 impetrantur.Math.

108 1748 173 1795 D.
211 1747 312 1795 VI:
351 1751 395 1793 4.
424 1743 507 1795 68.
542 1747 683 1794 Ulad.
705 1747 763 1793 D.
781 1749 815 1794 1:
835 1747 1084 1798 42.VI:4.
1131 1744 1410 1794 Personalis
1436 1743 1534 1789 Re-

104 1817 215 1880 gius
242 1816 290 1861 in
314 1814 486 1861 Dieata
526 1815 745 1862 Tabulae
797 1815 1030 1863 Statuum
1056 1831 1261 1881 qnoque
1276 1810 1538 1878 praesidet.

108 1881 286 1940 Quoad
356 1883 591 1929 Civitates
635 1884 989 1931 Personalitias
1008 1920 1019 1942 ‚
1070 1883 1134 1929 ab
1182 1882 1295 1948 ejus
1364 1878 1540 1945 Digni-

103 1961 207 1999 tate
256 1953 322 1998 ita
366 1960 600 2011 vocatas,
653 1962 728 1998 est
767 1950 1006 1999 Summus
1041 1952 1202 1998 ‚Iudex
1236 1946 1538 2013 Appellato·

111 2021 216 2067 rius
247 2020 561 2075 Revisorius,
606 2030 654 2066 et
683 2030 910 2083 respectu
952 2036 1121 2066 earum
1155 2017 1406 2068 activitate
1448 2015 1538 2061 Ju-

105 2086 225 2135 dicis
242 2087 401 2152 Regni
419 2085 861 2152 Ordinariipollet.
888 2088 1017 2135 Part.
1036 2088 1123 2135 III.
1152 2097 1204 2136 tt.
1232 2089 1279 2133 8.
1329 2086 1538 2134 Constat

112 2171 233 2203 vero
265 2155 417 2204 Sedes
453 2155 781 2203 Personalitia
818 2154 1047 2202 Praeside
1092 2158 1204 2220 ipso
1245 2152 1535 2213 Pei-sonali‚

115 2232 166 2271 et
193 2223 447 2272 nonnullis
479 2241 571 2289 per
602 2223 917 2271 personalem
935 2226 1221 2271 convocatis
1253 2221 1534 2270 Assessori·

110 2290 231 2352 bus,
263 2302 413 2358 atque
438 2309 540 2339 uno
567 2291 779 2339 Notario
808 2291 1054 2339 calamum
1084 2291 1306 2340 ducente.
1328 2316 1396 2326 ·--
1419 2290 1540 2338 Per-

92 2359 296 2417 ,sonalis
327 2360 546 2428 Regius,
599 2359 707 2426 lege
749 2364 907 2408 1764:
948 2365 990 2408 5.
1030 2378 1161 2407 nunc
1196 2377 1223 2407 e
1252 2358 1395 2407 Statu
1434 2358 1538 2408 No-

109 2428 290 2478 bilium
318 2446 410 2495 per
446 2428 600 2478 Suam
629 2425 941 2495 Majestatem
974 2429 1289 2476 denominari
1318 2425 1457 2475 solet.

733 2515 773 2580 5.
823 2521 933 2566 134.

108 2603 171 2663 C.
211 2602 345 2663 Rea:
385 2583 747 2678 Hungart’ae,
770 2647 792 2670 ‚
866 2625 969 2679 qva
1011 2603 1314 2679 Supremas
1340 2598 1532 2658 Judex

586 2683 1027 2758 Appellatorz'us.

203 2778 304 2828 Sua
320 2776 552 2846 Maiestas
567 2789 642 2830 est
655 2782 707 2828 in
723 2778 977 2829 nonnullis
1030 2777 1348 2829 Processibus
1364 2776 1533 2824 Priva-

102 2855 272 2899 torum
286 2884 300 2910 ‚
336 2844 611 2916 Supremus
642 2849 672 2897 J
675 2847 801 2899 udex
859 2849 1254 2916 Appellatorius.
1288 2844 1535 2912 Inspecie:
