1897 3440
635 292 697 301 -·-
774 272 863 316 1233
936 295 1000 303 --

317 409 362 452 3.
397 407 603 452 vetatur
625 406 789 453 Fiscus
808 407 987 467 Regius
1013 406 1284 470 regnicolas
1309 408 1365 454 ad
1397 426 1514 473 (μια-

116 471 360 537 leem-que
391 484 651 519 externum
691 472 931 520 Tribunal
976 490 1211 530 evocare,
1249 475 1325 522 vel
1365 493 1515 540 penes

115 540 578 588 sententiasibidem
598 542 735 596 latas,
773 559 850 587 res
876 558 1048 587 eorum
1071 558 1326 604 occupare.
1358 547 1513 592 1536:

115 614 195 656 41.
242 612 391 657 1622.
428 614 476 656 2.
511 616 590 658 41.
640 615 793 657 1715;
826 614 907 657 20.
943 613 1095 660 1791:
1128 612 1204 655 56.
1256 614 1521 661 1792:17.

91 701 179 737 7-
215 676 312 723 Res
341 695 456 726 vero
493 694 689 742 quaqua
721 675 963 741 illigitima
994 679 1186 723 ratione
1225 689 1518 742 occupata-s,

114 761 209 789 una
241 762 354 792 cum
388 745 664 790 literalibus
696 745 1062 806 instrumentis,
1103 746 1363 793 restituere
1394 744 1521 793 ohli-

111 822 270 879 gatur.
315 816 462 861 1681:
493 816 570 859 38.
600 816 678 859 39.
1442 852 1445 855 .

314 886 363 927 4.
416 880 577 928 Fiscus
597 917 608 939 ,
638 890 687 926 et
720 881 924 928 Camera
963 881 1112 947 Regia
1137 882 1187 927 in
1215 881 1315 928 suis
1348 880 1520 942 bonis,

108 945 335 1011 publicas
374 947 715 996 Comitatuum
760 949 1109 1014 dispositiones
1142 950 1270 996 circa
1305 948 1519 1014 hospita·

105 1015 296 1063 tionem
359 1016 606 1075 militum,
645 1018 965 1081 partitionem
1013 1034 1223 1064 onerum
1259 1015 1516 1065 contribu-

106 1083 647 1143 tionalium,vectura‚s
668 1094 761 1133 ete.
789 1095 1045 1149 acceptare
1069 1095 1118 1131 et
1142 1085 1402 1131 admittere
1430 1082 1520 1131 ob·-
1545 1119 1555 1133 .

103 1149 325 1214 ligantur
349 1188 361 1209 ‚
400 1169 538 1199 secus
563 1153 758 1200 actione
786 1152 910 1198 Fisei
940 1152 1327 1218 Magistratualis
1356 1153 1520 1199 Comi-

104 1220 306 1266 tatensis
332 1220 709 1266 conveniuntur.
745 1224 904 1268 1723:
937 1223 1016 1271 62.
1058 1224 1210 1268 1729:
1245 1223 1324 1269 35.
1450 1222 1458 1227 ⁸

310 1291 355 1335 5.
402 1286 556 1346 Bona,
592 1287 642 1332 in
671 1287 853 1352 quibus
887 1286 1087 1336 fodinae
1119 1287 1231 1335 salis
1262 1289 1518 1353 reperiun-

101 1365 213 1413 tur,
254 1373 281 1402 a
309 1354 513 1419 privatis
559 1357 755 1402 nonnisi
801 1372 914 1421 erga
949 1357 1330 1420 praestationem
1351 1357 1519 1421 aequi-

87 1422 311 1469 -valentis
354 1421 665 1470 excambiare
723 1423 872 1471 valet.
904 1423 1030 1485 Ludl.
1058 1423 1131 1472 D:
1162 1428 1236 1475 13.
1261 1422 1413 1472 Math.
1453 1424 1517 1470 D.
1589 1490 1596 1498 Ι

99 1489 200 1538 VI:
236 1494 316 1540 49.

297 1561 346 1605 6.
391 1558 448 1605 In
480 1556 671 1606 casibus
690 1595 702 1618 ‚
731 1560 783 1606 in
811 1559 993 1624 quibus
1023 1560 1204 1607 evictio
1236 1559 1406 1607 locum
1424 1558 1510 1607 ha-

92 1625 204 1686 bet,
242 1626 409 1673 Fiscus
445 1626 516 1676 R..
544 1644 750 1692 quoque
780 1629 1109 1686 evictionem,
1139 1637 1188 1674 et
1215 1626 1517 1675 indemnisa·

98 1694 285 1742 tionem
319 1703 569 1758 praestare
600 1705 808 1743 tenetur.
846 1694 1008 1742 Sensu
1042 1700 1200 1743 1715:
1239 1699 1320 1746 67.

301 1766 343 1809 7.
405 1763 627 1810 Colonos
676 1780 792 1811 suos
832 1760 929 1828 juri
971 1773 1202 1819 statuere,
1242 1774 1290 1810 et
1327 1780 1421 1828 pro
1456 1764 1515 1810 iis

95 1829 382 1895 impendere
414 1829 678 1896 obligatur.
722 1829 913 1889 Quodsi
943 1849 1063 1879 vero
1100 1829 1337 1896 fugitivos
1373 1829 1509 1878 colo-

92 1915 184 1944 nos
226 1897 441 1946 detineat
471 1934 486 1959 ,
536 1901 851 1948 convincitur
884 1936 897 1960 ,
956 1900 1092 1947 sicut.
1121 1899 1248 1946 alter
1293 1897 1513 1949 Nobilis,v

96 1969 246 2016 1556:
281 1970 360 2017 31.

716 2109 754 2170 ᾗ.
806 2113 915 2156 175.

166 2229 291 2285 vlt.
333 2228 481 2287 ἅτινα
520 2230 691 2289 Fz'scz'
715 2230 901 2305 Regii
925 2236 1082 2287 circa
1116 2233 1351 2293 Causas,
1381 2238 1436 2286 et

136 2328 139 2329 ⁷
655 2325 934 2382 Fz'scales.

201 2454 369 2502 Fiscus
389 2456 573 2521 Regius
590 2456 791 2503 nomine
813 2472 918 2514 suo,
939 2472 1036 2519 qua
1054 2472 1236 2521 nempe
1263 2455 1501 2505 Director

89 2523 361 2569 Causarum
402 2523 670 2588 Regiarum
703 2561 715 2581 ,
759 2535 807 2571 et
851 2517 1030 2571 Sacrae
1079 2524 1306 2572 Coronae
1350 2523 1506 2590 Regni

85 2588 373 2654 Hungariae
418 2590 650 2650 Fiscalis‚
688 2608 861 2639 omnes
900 2609 992 2656 pro
1027 2603 1077 2638 et
1113 2602 1284 2639 contra
1315 2609 1366 2639 se
1397 2611 1504 2641 mo-

90 2668 160 2705 tas
194 2676 362 2705 causas
382 2674 699 2724 promovere,
729 2670 778 2706 et
808 2659 1071 2707 defendere
1090 2659 1354 2723 obligatur.
1378 2662 1506 2708 Cum

88 2742 206 2773 vero
240 2724 374 2774 solus
405 2727 656 2786 omnibus,
687 2739 736 2775 et
775 2726 1138 2793 multiplicibus
1171 2729 1295 2775 fisci
1343 2730 1395 2775 R.
1429 2747 1510 2775 ne·

87 2796 233 2857 gotiis
250 2793 535 2853 tractandis,
552 2806 599 2842 et
633 2794 946 2862 perficiendis
993 2813 1091 2843 non
1123 2797 1355 2853 sufficiat,
1393 2796 1507 2844 hinc

84 2860 294 2911 eundem
325 2863 476 2911 etiam
512 2864 893 2914 vice-Diremor
932 2866 1203 2913 Causarum
1236 2864 1500 2931 Regaliutn
