1897 3440
137 407 259 450 ce'tis
302 403 564 465 lege'bus,“
631 401 1085 468 acquirendorum,
1138 412 1187 449 et
1222 402 1542 469 possidendo-

133 489 248 517 rum
292 470 540 518 bonorum
598 489 652 518 ac
704 470 1041 537 gerendorum
1078 474 1301 519 omnium
1340 472 1543 521 Officio·

98 540 105 543 *
135 557 248 586 rum
286 543 332 585 in
382 539 555 602 Regno
592 539 902 604 Hungariae,
955 537 1284 603 Partibusque
1312 541 1545 601 adnexis,

134 623 339 672 capaces
374 606 554 654 redditi
592 616 731 665 sunt,
771 611 926 655 1790:
965 612 1042 655 27.
1081 607 1348 667 „Iar-ibus,
1376 633 1439 644 —-
1476 612 1545 656 uti

133 675 224 721 lex
271 674 443 734 habet,
493 701 560 710 —
612 681 954 741 caeteroquin
1012 676 1212 737 Regiae
1259 676 1550 738 May‘estati

138 748 289 791 circa
339 742 574 805 Negotia
640 744 809 804 Cleri,
859 744 1166 805 Ecclesiae,
1210 744 1546 807 Religionis,

139 811 285 873 cujus
320 815 637 859 exercitium
658 813 813 877 plene
843 817 974 876 ipsis
996 813 1219 860 liberum
1245 817 1381 872 erit,
1415 814 1547 860 Fun-

138 880 445 937 datz‘onum,
484 880 792 927 Studiorum
833 898 895 928 ac
939 881 1245 929 Juventutz‘s
1274 882 1545 929 educatio-

134 951 217 995 m's
246 952 299 994 in
331 948 474 995 salvo
507 948 764 996 relz‘ctis.“
804 948 978 996 Serius
1012 967 1132 998 vero
1170 951 1270 997 Sua
1295 947 1545 1014 Majestas,

133 1025 283 1080 atque
307 1014 477 1063 Status
502 1026 549 1063 et
569 1016 677 1062 OO.
706 1016 883 1078 Regni,
921 1016 1270 1063 Graeci-Ritus
1298 1017 1545 1064 Non-uni·

137 1095 303 1130 torum
344 1081 726 1147 Metropolitae,
765 1084 867 1129 sive
893 1083 1353 1149 Archi-Episcopo,
1389 1094 1544 1148 atque

134 1151 424 1217 Episcopis,
462 1149 748 1198 Sessionem
786 1161 836 1197 et
872 1153 1064 1200 Votum
1109 1168 1314 1217 quoque
1358 1152 1409 1198 in
1447 1152 1542 1200 Co-

135 1220 287 1267 mitiis
326 1215 541 1264 dedere:
587 1221 745 1269 1790:
790 1224 862 1267 10.

265 1287 393 1334 Tota
439 1283 535 1332 Res
566 1285 907 1335 Ecclesiastica
935 1285 1276 1334 Graeci-Ritus
1298 1287 1543 1335 Non-uni-

134 1364 302 1402 torum
343 1352 649 1418 gubernatur
695 1372 788 1420 per
835 1372 991 1402 unum
1028 1355 1543 1421 Archi-Episcopum,

131 1423 234 1470 sive
273 1422 685 1486 Metropolitam,
722 1435 872 1490 atque
913 1433 1026 1471 octo
1080 1425 1358 1490 Episcopos
1396 1428 1542 1471 bene-

132 1490 335 1539 ficiatos.
386 1514 453 1526 ·-—
504 1490 689 1539 Causae
738 1491 1111 1540 Ecclesiasticae
1156 1509 1331 1540 eorum
1374 1508 1544 1540 coram

130 1557 517 1624 Episcopalibus
566 1559 883 1608 Consistoriis
933 1558 1267 1619 deciduntur,
1330 1569 1380 1605 et
1429 1558 1544 1606 inde

129 1627 193 1674 ad
252 1627 442 1674 Forum
479 1626 848 1693 Apellatorium
893 1627 1248 1693 Metropolitae
1291 1627 1542 1676 deducun—

133 1706 233 1753 tur,
269 1695 401 1742 unde
433 1695 631 1743 demum
659 1696 721 1744 ad
748 1697 1009 1743 Thronum
1033 1696 1243 1760 Regium
1261 1713 1419 1761 usque
1439 1697 1545 1760 Ap-

116 1762 313 1828 pellata
338 1773 486 1828 patet.
528 1764 981 1831 Archi-Episcopus
1010 1774 1060 1810 et
1086 1765 1323 1829 Episcopi
1368 1781 1544 1811 eorum

133 1830 261 1879 Sede
291 1842 525 1892 vacante,
563 1835 613 1879 in
654 1833 902 1898 SynodIS,
939 1833 990 1878 in
1036 1833 1218 1897 quibus
1246 1834 1542 1880 Commissa-

131 1901 264 1947 rium
299 1900 514 1964 Regium
569 1919 774 1967 quoque
808 1902 1043 1950 interesse
1084 1908 1314 1966 oportet,
1373 1900 1542 1965 plura-

131 1968 268 2015 litate
318 1969 569 2016 Votorum
611 1969 879 2035 eliguntur,
943 1968 1229 2016 Terminata
1273 1968 1543 2025 electione,

129 2037 513 2084 -Commissarius
551 2038 736 2104 Regius
780 2039 902 2085 Aeta
929 2033 1158 2098 Synodi,
1199 2054 1294 2083 una
1320 2054 1435 2085 cum
1461 2035 1541 2082 Li·

138 2103 286 2151 bellis
302 2105 632 2170 supplicibus,
661 2109 712 2153 in
731 2106 914 2172 quihus
939 2104 1085 2151 electi
1115 2105 1186 2150 sui
1205 2104 1542 2152 confirmatio·

136 2188 251 2219 nem
287 2190 313 2218 a
357 2172 456 2220 Sua
498 2172 758 2239 Majestate
809 2182 1018 2239 petunt,
1070 2172 1255 2236 Regiae
1293 2171 1543 2238 Majestati

137 2241 440 2288 transmittit.
495 2241 886 2290 Confirmatione
923 2241 1077 2302 Regia
1122 2240 1323 2288 obtenta
1349 2240 1543 2299 „electi

70 2355 72 2357 ,
140 2308 341 2355 demum
396 2308 525 2357 Suae
563 2308 826 2374 .Majestati
882 2310 1233 2356 ,iuramentum
1292 2305 1544 2356 fidelitatis

73 2396 78 2399 ¹
135 2386 415 2441 praestant,
455 2386 504 2424 et
520 2395 611 2443 per
644 2377 1002 2426 Comissarium
1031 2377 1242 2441 Regium
1271 2376 1332 2422 ad
1362 2373 1543 2424 benefi-

139 2446 214 2493 cia
242 2462 330 2491 sua
354 2444 762 2496 introducuntur.
792 2446 1073 2493 Translatio
1101 2446 1336 2510 Episcopi
1366 2462 1427 2492 ex
1447 2461 1544 2490 una

141 2512 367 2561 Dioecesi
395 2512 454 2559 ad
488 2514 665 2574 aliam,
695 2531 851 2581 aeque
893 2513 1023 2562 Suae
1052 2512 1295 2572 Maiestati
1322 2529 1542 2561 reserva·

140 2590 190 2627 ta
230 2591 318 2628 est.
355 2581 528 2630 Plura
556 2585 732 2634 ve'derz‘
753 2591 977 2650 possunt
1006 2588 1061 2630 in
1099 2580 1339 2631 ordinat.
1377 2581 1444 2629 R.
1481 2582 1544 2630 de

138 2665 274 2698 anno
307 2655 448 2699 1777.
485 2677 550 2687 --

139 2768 188 2826 ⁸]
245 2770 332 2813 Sub
357 2771 575 2825 Leopoldo
600 2771 761 2831 Magno
779 2775 898 2816 1690.
918 2771 1198 2814 GraeciRitus
1212 2770 1446 2814 Non‘uniti
1470 2771 1547 2812 Αε-

249 2827 409 2878 seclae,
426 2831 493 2881 qui
517 2831 608 2884 jam
627 2844 681 2872 ex
700 2837 820 2884 parte
849 2828 996 2871 seculo
1025 2827 1125 2871 XV.
1148 2828 1278 2870 Sedes
1296 2831 1339 2870 in
1368 2827 1549 2883 Hungu-

247 2885 314 2927 νὴ
343 2882 560 2937 fixetunt,
599 2900 656 2930 ex
685 2888 842 2932 vicinis
860 2885 1057 2940 partibus
1098 2885 1294 2929 Ture-icis
1325 2883 1377 2926 ad
1405 2891 1547 2936 partes
