1964 3440
882 253 1250 296 -148—

373 404 595 459 spectare
646 402 852 439 tenetur.
901 391 1060 440 Sensu
1113 389 1241 438 Lud.
1286 390 1344 442 D.
1381 390 1422 435 l:
1461 394 1541 437 221.
1576 401 1625 438 et
1653 392 1783 439 Con·
1822 394 1828 401 ‘

372 460 649 510 svetudine.

578 534 626 578 9.
680 530 949 576 Causarum
980 526 1241 594 Regalium
1282 525 1515 573 Director
1556 526 1614 572 ad
1656 527 1784 575 Incl-

369 598 615 647 Tabulam
642 599 847 660 Regiam
871 596 1093 642 Judriam
1120 611 1324 659 quoque
1341 593 1525 650 sedem,
1544 606 1592 641 et
1613 605 1788 642 votum

371 666 550 727 habet,
595 666 793 712 interim
820 699 837 723 ,
888 663 1010 710 dum
1048 664 1201 726 ipsius
1240 679 1415 710 causae
1463 662 1789 721 referuntur,

372 745 456 782 aut
481 733 796 791 revidentur,
830 731 1017 796 judicio
1046 731 1282 784 interesse
1305 731 1496 794 nequit.
1532 735 1686 778 1723:
1714 738 1792 782 19.

579 804 652 848 10.
708 799 870 848 Habet
912 799 1082 847 Fiscus
1126 799 1184 845 R.
1215 798 1362 844 etiam
1392 799 1639 845 actionem
1670 793 1787 848 con-

371 884 447 919 tra
481 870 761 929 Praelatos‚
801 870 887 933 qui
919 867 1154 933 pecunias
1189 863 1554 911 fundationales
1590 868 1791 916 incaute

369 942 593 997 elocant,
655 940 770 1003 quia
813 936 941 985 Suae
979 933 1252 997 Majestatis
1281 941 1355 979 est
1383 935 1697 998 prospicere,
1738 947 1794 982 ut

369 1006 705 1055 Fundationes
743 1007 792 1051 in
839 1022 926 1052 sua
966 1003 1244 1070 integritate
1272 1005 1795 1054 conserventur.·Dec.

369 1077 487 1125 Cur.
520 1080 579 1123 ὕει
608 1092 717 1139 pag.
758 1077 840 1122 55.
1681 1066 1683 1068 .

577 1147 654 1190 ll.
693 1142 746 1191 Si
781 1142 999 1190 Donatio
1036 1138 1322 1188 palatinalis
1352 1143 1417 1187 32
1444 1141 1686 1190 sessiones
1715 1157 1796 1187 su·

373 1221 546 1279 peret,
599 1211 680 1257 vel
707 1228 846 1257 secus
880 1212 1028 1257 etiam
1058 1206 1306 1257 excessiva
1328 1239 1344 1262 ‚
1381 1209 1674 1256 aut-vitiosa
1704 1209 1764 1255 sit
1783 1245 1797 1268 ‚

374 1278 583 1326 eandem
635 1280 943 1345 impugnare,
975 1288 1025 1326 et
1062 1286 1289 1326 evertere
1326 1272 1594 1340 obligatum
1637 1282 1797 1325 1715:

376 1353 455 1398 33.
493 1351 648 1395 Ι723ῖ
687 1355 736 1396 4.
1168 1352 1173 1359 ’

586 1421 661 1465 12.
700 1417 870 1465 Fiscus
906 1417 1089 1483 Regius
1118 1418 1254 1464 Bona
1284 1426 1345 1457 ex
1373 1410 1519 1476 Nota,
1542 1415 1620 1463 vel
1651 1411 1800 1461 Defe-

375 1496 459 1534 ctu
495 1486 706 1549 antiquo
744 1487 822 1532 via
851 1482 974 1548 juriS
1002 1500 1274 1550 quaerens,
1325 1495 1427 1527 non
1464 1493 1668 1531 >tantum
1701 1482 1801 1530 No·

376 1566 495 1614 tam,
539 1553 617 1598 vel
665 1551 959 1612 Defectum‚
999 1566 1148 1618 atque
1177 1545 1466 1598 Deficientis
1499 1550 1799 1616 possessori·

376 1641 492 1681 um,
536 1619 620 1666 sed
658 1621 807 1668 etiam
843 1621 931 1666 Jus
972 1620 1258 1669 Deficientis
1284 1615 1343 1661 ad
1385 1617 1551 1679 Bona,
1581 1618 1800 1685 probare

377 1701 605 1747 tenetur,
638 1700 686 1737 et
711 1691 749 1734 si
781 1706 883 1736 non
911 1689 1001 1736 nisi
1038 1691 1298 1755 portiones
1329 1697 1563 1748 quaerat,
1596 1686 1798 1733 illarum

376 1761 526 1806 etiam
555 1757 885 1821 quantitatem
904 1794 916 1816 ,
948 1758 1237 1823 qualitatem
1266 1762 1315 1800 et
1351 1751 1654 1802 localitatem
1681 1754 1801 1802 edo·

376 1845 489 1876 cere
523 1825 791 1892 obligatur.
844 1827 974 1874 Part.
1015 1828 1051 1874 I.
1091 1836 1143 1873 tt.
1173 1829 1253 1873 6⁷.
1293 1819 1411 1869 Dec·
1448 1824 1566 1872 Cur.
1599 1823 1658 1870 de
1686 1825 1796 1872 Act.

379 1897 538 1954 Fls-ci,
580 1897 654 1941 16.

588 1966 662 2009 13.
715 1963 922 2011 Juribus
959 1974 1008 2012 et
1044 1965 1190 2011 Bonis
1232 1959 1356 2009 Fisci
1402 1961 1541 2028 Regii
1579 1979 1679 2009 non
1705 1961 1795 2006 nisi

377 2040 577 2081 centum
619 2032 758 2077 annis
812 2033 1081 2095 praescribi
1120 2040 1299 2095 potest.
1375 2028 1500 2077 Part.
1532 2031 1569 2076 Ι.
1626 2039 1681 2076 ιε’
1719 2032 1801 2076 23.

590 2105 667 2147 14.
695 2097 890 2146 Gaudet
919 2101 1085 2148 Fiscus
1120 2101 1302 2164 Regius
1329 2097 1476 2144 etiam
1508 2100 1627 2144 Jure
1659 2095 1795 2144 Albi·

380 2170 509 2234 nagii
530 2205 541 2227 ,
574 2185 662 2215 seu
692 2166 954 2216 Detractus
976 2205 987 2224 ‚
1020 2170 1067 2214 vi
1086 2165 1229 2232 cujus
1254 2166 1595 2212 Extraneusin
1625 2164 1799 2229 Regno

382 2236 667 2300 Hungariae
713 2238 1075 2284 successionem
1126 2234 1369 2301 adeptus,
1418 2244 1502 2280 aut
1548 2230 1799 2296 regnicola

384 2306 566 2356 fundos
591 2303 877 2352 immobiles
905 2304 1208 2363 distrahens,
1254 2311 1302 2349 et
1331 2298 1540 2348 illorum
1587 2301 1806 2366 pretium

382 2393 409 2424 e
454 2390 608 2439 regno
648 2372 826 2420 efferre
874 2373 1161 2430 intendens,
1217 2373 1346 2418 intra
1377 2369 1625 2418 ambitum
1659 2368 1806 2415 ditio·

384 2462 506 2491 num
534 2443 905 2490 Austriacarum
935 2443 1181 2508 quinque,
1215 2451 1354 2487 extra
1387 2438 1474 2486 has
1505 2448 1685 2497 autem,
1718 2436 1798 2482 de·

382 2530 491 2563 cem
520 2528 609 2574 per
627 2521 843 2570 centum,
862 2510 1005 2558 Fisco
1036 2504 1194 2575 Regio
1221 2506 1502 2572 dependere
1534 2505 1797 2574 obligatur.

381 2583 492 2632 Res.
528 2580 588 2628 R.
625 2577 740 2629 ddo.
773 2585 891 2631 14ae
923 2578 1103 2629 Octob.
1140 2581 1289 2627 1771:
1327 2592 1435 2624 nro.
1467 2577 1614 2624 3567.
