1897 3440
687 277 1020 320 ...59-

148 425 261 456 rum
305 410 653 456 Institutorum
699 407 1047 474 publicorum,
1106 407 1169 453 Vi
1214 411 1394 455 summi
1423 409 1558 456 ,luris

150 477 473 537 Patronatus‚
499 476 561 522 ad
594 479 712 523 ,lura
744 477 939 541 Regum
971 475 1254 537 Hungariae
1286 477 1553 524 Reservata

153 545 434 611 pertinere,
461 543 562 609 jam
587 546 761 610 Capite
804 545 963 609 priori
1009 543 1033 605 ᾗ
1062 546 1126 590 66
1164 540 1431 591 adductum
1466 556 1553 592 est.

152 615 272 660 Jura
308 629 427 661 vero
471 612 588 660 haec
629 612 728 660 Sua
761 611 992 677 Majestas
1031 612 1080 656 in
1115 610 1433 676 Hungariain
1455 615 1553 677 pri-

150 683 243 728 mis
262 679 428 729 medio
454 680 645 729 Excelsi
666 681 871 728 Consilii
913 680 1054 747 Regii
1087 677 1561 730 Locumtenentialis

144 750 425 814 ‘Hungarici
470 765 702 796 exercere
736 749 880 797 solet.
923 750 1103 797 Restat
1133 748 1331 813 itaque,
1377 761 1430 797 ut
1471 768 1548 798 ea-

150 816 262 866 dem
293 818 412 863 Jura
436 826 486 865 et
514 815 749 882 Objecta‚
791 835 906 866 cum
939 817 998 866 de
1026 817 1084 863 iis
1114 815 1331 881 Legibus
1364 818 1560 866 Patriae

146 894 197 933 et
233 885 508 951 Privilegiis
552 886 773 951 Regum,
817 886 976 934 multa
1024 885 1208 932 sancita
1256 893 1305 931 et
1334 887 1557 935 instituta

146 955 275 1013 sint,
307 953 567 1020 specialius
603 957 935 1022 attingantur,
974 973 1030 1003 ac
1062 951 1271 1018 proinde
1315 954 1558 1005 videndae

149 1031 262 1069 sunt
283 1040 294 1068 τ

767 1140 804 1202 ς.
858 1145 936 1188 72.

150 1263 216 1316 A.
299 1261 542 1319 Scholae
587 1264 645 1315 in
681 1262 981 1334 Hungaria
1007 1263 1392 1336 partibusque
1431 1268 1557 1337 ejus

377 1341 619 1394 adnexis
661 1340 1304 1398 Romano-Catholicae.

189 1436 383 1511 Regia
424 1434 752 1511 Studiorum
806 1437 1136 1493 Commz’ssz'o
1165 1440 1497 1496 Gremz‘alz‘s.

279 1564 488 1628 Obiecta
522 1565 813 1613 Studiorum
847 1576 896 1613 et
929 1566 1166 1614 Literalia
1209 1570 1259 1615 in
1295 1569 1554 1636 Hungaria

146 1651 296 1699 penes
324 1633 593 1681 Excelsum
621 1635 897 1682 Consilium
915 1636 1124 1700 Regium
1147 1637 1210 1683 Η.
1240 1651 1482 1702 reguntur
1509 1650 1557 1686 et

143 1702 425 1767 diriguntur
442 1720 530 1766 per
547 1704 849 1767 peculiarem
863 1704 1090 1767 Regiam
1103 1703 1425 1754 Gremz'alem
1442 1709 1537 1755 Sta
1548 1733 1561 1742 ·

143 1771 353 1818 diorum
407 1772 866 1830 Commz'ssz'ouem,
913 1790 1041 1838 quae
1067 1791 1212 1820 suum
1244 1775 1555 1835 praesidem,

68 1840 71 1841 ⁷
145 1851 363 1904 quatuor
391 1844 695 1899 Assessores‚
713 1851 762 1887 et
788 1840 912 1888 duos
935 1841 1371 1890 Aczuarioshabet.
1405 1845 1554 1891 Com-

141 1908 311 1955 missio
355 1907 473 1956 haec
515 1907 748 1955 omnibus
792 1910 842 1954 in
882 1909 1132 1975 Hungaria
1166 1909 1388 1969 Scholis‚
1450 1912 1554 1957 Do..

142 1975 454 2024 Docentibus
498 1986 546 2022 et
577 1975 784 2035 Studiis,
817 1995 1038 2042 quorum
1078 1995 1307 2025 normam
1347 1979 1556 2027 docendi

124 2061 238 2108 <pro
271 2043 467 2092 Scholis
499 2044 1026 2094 Romano-Catholicis
1069 2046 1397 2112 praescribit,
1429 2049 1554 2094 invi-

143 2113 292 2175 gilat,
333 2124 383 2160 et
427 2124 529 2160 tam
568 2131 718 2179 super
750 2115 1004 2173 moribus,
1054 2133 1204 2181 quam
1234 2125 1283 2162 et
1314 2115 1549 2180 profectu

144 2180 440 2229 discentium
470 2183 517 2227 in
547 2181 752 2229 Litteris
771 2219 783 2240 ‚
830 2182 920 2230 sibi
954 2185 1310 2231 semestraliter
1339 2184 1553 2231 Classifi-

141 2249 359 2298 cationes
395 2248 757 2304 scholasticas,
804 2251 1075 2299 secundum
1125 2254 1453 2318 praescriptas
1475 2263 1548 2314 ta.

144 2315 303 2365 bellas
318 2353 332 2378 ‚
350 2318 572 2366 submitti
605 2328 760 2366 curat.

753 2439 793 2501 ς.
837 2442 914 2487 73.

519 2560 838 2616 Dz'strz'ctus
881 2560 1183 2643 Lz'terarz'z'.

277 2666 404 2715 Tota
442 2666 696 2735 Hungaria
729 2673 780 2719 in
808 2674 1032 2740 quinque
1060 2673 1324 2722 Districtus
1356 2673 1541 2723 Litera·

143 2736 247 2783 rios
294 2733 448 2783 divisa
513 2748 586 2785 est
613 2774 628 2797 ‚
674 2749 877 2807 utpote,
952 2743 1385 2799 Cassovz'ensem,
1434 2744 1549 2792 Ma-

141 2819 248 2865 gno
268 2830 287 2842 ·
312 2803 717 2856 Varade'nensem
733 2846 746 2870 ‚
801 2810 1171 2860 Jourinensem
1192 2848 1206 2874 ,
1258 2812 1550 2862 Posom’en-

140 2888 285 2944 pem,
324 2880 378 2921 et
418 2874 847 2939 Zagrabae'emem.
