1897 3440
711 223 1014 266 -9-

144 357 306 408 Bulla
332 373 526 418 aurea,
563 356 809 420 Sigillum
851 356 1127 406 Set-recum
1146 392 1160 416 ,
1198 355 1442 420 Sigillum
1474 357 1566 406 du·

152 427 310 492 ple-v,
344 434 399 476 et
427 426 797 475 Judz‘cz‘arz‘um.
835 424 991 474 Math.
1028 424 1209 473 D.111.
1243 431 1287 473 8.
1324 453 1390 462 -
1422 426 1573 475 Bulla

141 512 315 554 aurea,
352 505 402 543 et
436 494 671 560 Sigillum
716 493 921 560 Duplex
940 530 952 553 ,
980 521 1045 530 —-
1073 491 1212 559 quod
1244 509 1338 558 per
1369 494 1558 542 Prima·

141 572 244 611 tem
274 563 435 630 Regni
475 562 759 611 conservari
804 563 1082 623 consvevit:
1123 565 1275 629 1715:
1309 567 1356 610 3.
1396 567 1555 614 1741:

142 635 221 679 10.
252 657 321 666 —
353 629 575 678 adbiberi
615 630 746 678 solet
780 631 831 677 in
863 629 1241 696 Diplomatibus
1276 638 1325 676 et
1355 630 1564 677 Privile-

135 699 229 764 giis
267 697 589 757 solennibus,
627 715 720 764 per
754 699 941 764 Regem
975 698 1225 746 extradari
1262 697 1439 745 solitis.
1485 697 1561 745 Si·

129 766 312 833 gillum
356 762 616 816 Secretum
646 765 911 815 adhibetur
952 768 1005 815 in
1037 768 1180 816 Actis
1211 774 1266 813 et
1308 764 1557 815 Mandatis

133 851 229 900 per
264 835 629 887 Cancellariam
671 836 880 901 Regiam
912 833 1139 901 expediri
1187 833 1365 882 solitis.
1409 832 1561 899 Sigil-

133 901 241 950 lum
278 903 606 952 Judiciarium
635 920 757 952 vero
785 902 1081 952 conceditur
1111 901 1367 952 Personali
1404 903 1554 950 Prae·

135 972 322 1018 sentiae
355 971 555 1038 Regiae,
585 981 641 1017 ut
663 988 723 1018 eo
753 970 816 1018 ad
853 973 1059 1019 Curiam
1090 971 1301 1038 Regiam
1319 972 1369 1018 in
1388 986 1554 1018 neces·

131 1039 272 1086 sa'riis
321 1037 726 1104 expeditionibus
773 1035 1124 1100 judicialibus,
1156 1040 1361 1086 nomine
1393 1037 1557 1102 'Regis

131 1104 398 1163 faciendis,
427 1113 617 1151 utatur·
656 1103 833 1169 sigilla
867 1105 1063 1151 minora
1099 1114 1216 1151 sunt
1241 1103 1374 1154 Suae
1404 1105 1558 1172 Maje·

128 1175 265 1222 statis
299 1172 496 1236 Sae‘gz'lla
518 1176 807 1237 privativa
838 1179 894 1221 et
926 1171 1233 1226 annulat-ia.

771 1294 812 1358 §·
860 1299 910 1344 9.

331 1396 482 1457 ἄοινα,
523 1397 878 1475 Regz’narum
917 1404 978 1458 in
1014 1389 1344 1475 Hungarz‘a.

258 1509 567 1577 Reginarum
602 1510 891 1578 Hungariae
921 1527 1014 1577 per
1041 1529 1093 1561 se
1123 1513 1468 1578 regnantium,
1499 1515 1549 1562 vi

124 1579 396 1633 sanctionis
421 1580 758 1646 pragmaticae
796 1583 957 1628 1⁷23:
985 1584 1031 1629 2.
1071 1581 1219 1643 Jura,
1246 1581 1474 1629 Potestas
1499 1591 1551 1630 et

122 1646 413 1696 Auctoritas
440 1665 495 1697 ea
534 1650 677 1708 sunt,
713 1665 842 1714 quae
871 1647 1097 1716 Regum,
1141 1668 1198 1698 ac
1239 1649 1352 1698 ideo
1383 1650 1548 1699 solen-

120 1715 377 1775 nitatibus,
403 1726 690 1782 ——praeter
707 1715 1067 1765 formalitatem
1107 1719 1385 1777 unctionis,
1419 1734 1549 1785 quae

86 1845 92 1853 Ι
121 1785 223 1832 alio
259 1784 413 1833 modo
448 1787 733 1851 peragitur,
774 1811 837 1822 —-
862 1785 1010 1853 plane
1038 1787 1130 1845 iis,
1168 1787 1352 1852 quibus
1376 1789 1540 1853 Reges

121 1851 459 1916 coronantur,
505 1865 556 1903 et
594 1869 743 1919 saepe
788 1855 937 1903 etiam
983 1855 1149 1918 Regis
1198 1857 1545 1904 nominatione

121 1920 416 1969 salutantur.
480 1924 701 1989 Reginae
741 1932 990 1983 attamen,
1029 1941 1128 1988 qua
1166 1922 1406 1989 conjuges
1444 1924 1545 1972 Re·

126 2004 277 2054 gum,
323 1989 487 2039 nullas
520 1994 574 2039 in
614 1991 1045 2039 administratione
1076 1991 1279 2058 publica
1316 1993 1544 2040 Civitatis

118 2066 286 2122 partes
321 2061 538 2124 capiunt.
602 2060 927 2108 Coronantur
967 2058 1059 2107 hae
1096 2058 1160 2108 de
1200 2078 1293 2108 usu
1330 2063 1540 2126 antiquo

118 2123 412 2175 Diade-mate
455 2128 730 2194 peculiari,
766 2126 919 2177 Sacra
947 2138 1114 2177 autem
1151 2131 1351 2179 Corona
1380 2129 1540 2194 Regni

123 2193 409 2259 Hungariae
445 2198 643 2245 nonnisi
680 2196 891 2244 humero
930 2214 1104 2245 earum
1157 2197 1336 2246 dextro
1365 2196 1536 2245 admo-

116 2270 288 2323 vetur3
328 2275 547 2331 tuncque
574 2264 760 2315 Iisdem
800 2265 1019 2314 honores
1050 2284 1106 2315 ac
1136 2267 1293 2314 Tituli
1321 2257 1559 2330 Regina?

113 2326 177 2379 lis
218 2329 486 2396 Dignitatis
517 2332 896 2394 attribuuntur,-
937 2344 987 2382 et
1014 2352 1042 2381 a
1086 2331 1402 2401 temporibus
1433 2334 1535 2382 Ma-

114 2395 246 2445 thiae
285 2400 349 2448 11.
392 2401 575 2450 Iisdem
615 2417 707 2468 per
754 2399 925 2450 Status
969 2411 1040 2450 et.
1066 2402 1282 2451 Ordines
1329 2403 1535 2450 nomine

112 2464 272 2532 Regni
316 2469 660 2519 Honorarium
703 2466 756 2533 *)
796 2488 1002 2538 quoque
1030 2472 1200 2521 offerri
1244 2469 1387 2519 solet.
1436 2471 1534 2519 Ha·

112 2530 298 2582 bebant
335 2537 555 2603 Reginae
584 2541 634 2586 in
666 2537 924 2602 Hungaria
959 2549 1100 2588 antea
1140 2541 1288 2589 etiam
1319 2554 1405 2586 sua
1435 2538 1535 2586 Bo-

110 2617 190 2651 na.
236 2609 390 2655 1545:
423 2605 499 2658 16.
556 2611 709 2656 1681:
743 2611 824 2656 46.
872 2608 934 2658 de
982 2609 1167 2675 quibus
1196 2619 1359 2657 tamen
1383 2624 1522 2656 nunc

111 2670 314 2734 publice
349 2674 472 2722 nihil
515 2686 724 2724 constat.

115 2778 165 2838 *J
196 2781 486 2823 Honorarium
520 2778 732 2836 Reginale
751 2808 764 2828 ‚
794 2784 1022 2833 postremis
1052 2780 1417 2824 coronationibus
1458 2782 1530 2824 ob-

208 2836 342 2881 latum
372 2839 414 2879 in
442 2840 582 2880 50000
608 2839 752 2880 aureis
780 2837 1196 2881 Creinnitziensibus
1218 2838 1500 2882 consistebat.
