1964 3440
977 410 1015 472 §.
1060 414 1139 457 74.

416 535 750 591 Directores
767 571 790 596 ,
820 539 880 587 et
913 531 1360 589 Prodireccores
1392 532 1743 598 Scholarum.

514 662 752 728 Singulas
788 660 1054 709 Districtus
1096 680 1242 710 suum
1301 661 1636 726 Superiorem
1688 664 1789 712 Re·

372 736 518 797 gium
563 728 872 779 Studiorum
912 728 1246 779 Dtreccorem
1285 732 1444 779 habet.
1496 733 1582 779 His
1611 732 1787 780 subor-

379 802 613 848 dinantur
658 796 1154 846 Pro-Directores
1200 800 1513 848 Academici.
1562 800 1789 859 Adsunt,

380 879 579 935 praeter
606 866 729 926 hos,
776 883 909 913 nunc
958 866 1058 913 duo
1092 866 1475 916 Dc‘scrietuales
1517 869 1788 931 Inspecto·

377 954 466 985 res
496 934 818 983 Scholarum
849 933 1218 983 Natz'onale‘um
1276 938 1350 998 (in
1382 936 1532 982 Distr.
1564 939 1786 985 Cassovi-

378 1007 482 1052 ensi
507 1015 556 1052 et
574 1005 638 1051 Μ.
656 1004 1016 1066 Varadinensi).
1037 1005 1294 1050 Praeterea
1309 1003 1522 1052 Scholae
1553 1006 1790 1053 Nationa-

380 1074 451 1120 les
475 1089 680 1138 quoque
724 1089 838 1118 suos
873 1072 1093 1119 Locales
1127 1071 1444 1120 Dc'rectores
1496 1070 1692 1119 habent.
1723 1099 1790 1110 --

377 1140 676 1207 Superiores
707 1138 1001 1188 Studiorum
1029 1141 1312 1188 Directores
1336 1141 1575 1189 collectas
1612 1141 1791 1188 Classi-

381 1207 636 1257 ficationes
691 1208 752 1255 ad
795 1208 1066 1256 Excelsum
1101 1209 1379 1256 Consilium
1428 1210 1642 1273 Regium
1679 1208 1794 1256 sub·

381 1280 609 1338 mittere,
640 1277 771 1323 unde
810 1275 1014 1323 demum
1045 1275 1312 1324 relationes
1353 1288 1401 1325 et
1439 1276 1677 1325 Tabellae
1713 1279 1795 1325 Vi-

382 1364 562 1395 ennam
589 1345 649 1394 ad
673 1345 936 1393 Thronum
966 1346 1264 1392 altissimum
1291 1348 1578 1410 promoveri
1610 1344 1792 1395 solent'.

1023 1483 1061 1545 ᾗ.
1115 1488 1191 1531 75.

464 1614 513 1665 1.
586 1607 826 1665 Scholae
875 1607 1211 1664 Natz‘onales
1228 1619 1250 1670 ,·
1300 1607 1593 1682 Capitale-s·
1658 1615 1715 1664 et

921 1705 1240 1760 NormaleS.

524 1840 752 1893 Scholae
789 1835 1141 1894 Natz‘onales‚
1171 1838 1281 1883 sive
1321 1832 1659 1895 Vernacnlae‚
1692 1834 1799 1883 ubi·

383 1931 483 1982 que
515 1930 606 1979 per
642 1907 983 1972 Hungariam‚
1025 1903 1236 1970 ejusque
1263 1904 1434 1951 Partes
1469 1904 1764 1969 reperibiles
1785 1940 1798 1963 ‚

381 1996 432 2035 et
459 2000 553 2050 pro
595 1978 787 2025 ratione
815 1972 1214 2039 inpopulationis
1258 1971 1519 2032 locorum,
1557 1971 1762 2019 vel-fun
1783 1999 1803 2012 ·

383 2056 431 2104 di
464 2045 757 2099 Scholastici
778 2079 790 2100 ‚
834 2060 936 2089 uno
965 2039 1044 2088 vel
1075 2040 1305 2106 pluribus
1335 2039 1645 2088 Docentibus
1674 2058 1801 2106 pro-

384 2126 518 2171 visae
545 2125 672 2166 sunt.
706 2111 918 2161 Scholae
947 2111 1063 2162 hae,
1103 2110 1141 2155 si
1174 2109 1325 2163 dum,
1355 2118 1456 2155 tres
1489 2110 1753 2174 magistros
1781 2146 1795 2169 ,

383 2194 486 2240 sive
514 2190 761 2236 Docentes
788 2179 1027 2237 habeant,
1055 2176 1276 2225 Scholae
1307 2176 1578 2239 Capitales
1597 2193 1798 2225 vocan-

382 2270 484 2310 tur.
526 2253 606 2302 Ad
647 2251 731 2298 has
769 2257 996 2315 spectant
1035 2248 1185 2293 etiam
1226 2243 1451 2312 Scholae
1487 2245 1792 2307 Nor-males,

383 2328 567 2396 passim
615 2318 841 2367 Scholae
893 2315 1221 2364 Ver-naculae
1266 2313 1575 2362 Primariae
1603 2313 1792 2375 diotae,

383 2413 514 2466 quae
543 2411 569 2439 a
601 2388 800 2438 Scholis
828 2383 1177 2435 Nationalibus
1218 2381 1395 2430 saltem
1435 2400 1495 2431 eo
1520 2381 1795 2444 'differ-unt,

382 2462 523 2534 quod
554 2464 601 2508 in
631 2461 688 2505 iis
712 2458 860 2504 etiam
890 2464 1020 2501 artes
1050 2452 1269 2500 Musicae
1294 2461 1343 2498 et
1381 2449 1648 2516 Grapbidis
1675 2468 1793 2499 suos

382 2533 651 2599 Magistros
685 2525 921 2580 habeant,
959 2533 1008 2570 et
1051 2518 1245 2568 Scholis
1274 2519 1622 2567 Nationalibus
1652 2520 1791 2586 quasi

385 2620 481 2674 pro
506 2614 682 2647 norma
714 2592 960 2642 deservire
991 2587 1219 2637 debeant.
1249 2615 1315 2623 -—
1340 2588 1605 2636 Norm.ales
1635 2586 1791 2636 Scho-

385 2675 461 2719 lae
491 2684 624 2715 nunc
649 2666 698 2710 in
745 2660 995 2725 Hungaria
1036 2661 1096 2706 10
1127 2665 1256 2703 sunt.
1309 2656 1383 2703 Ex
1417 2655 1614 2705 Scholis
1644 2657 1789 2722 Capi·

387 2737 570 2789 talibus
614 2743 665 2781 et
697 2727 1019 2780 Normalibus
1059 2723 1214 2792 pubes
1247 2722 1569 2785 Scholastica,
1599 2723 1792 2772 altioris

387 2801 680 2857 eruditionis
700 2817 861 2861 causa,
887 2795 949 2845 ad
981 2796 1179 2845 Latinas
1211 2791 1418 2843 Scholas
1445 2801 1799 2860 promovetur,

389 2891 515 2947 quae
556 2877 698 2920 sunt:
