1897 3440
673 212 1010 283 .‚.‚(}5...¹⁸²

42 387 46 390 ·
122 367 189 419 ob
219 372 595 419 novercantium
635 378 923 434 temporum
948 367 1203 433 adjuncta,
1249 396 1313 409 —
1335 379 1440 435 quo
1467 369 1534 414 ἰι]Β

123 441 299 504 primis
342 439 471 487 scala
499 447 716 503 spectat,
751 463 817 473 —
854 436 1077 502 adusque
1104 436 1166 485 ad
1195 440 1428 488 effectum
1454 435 1534 484 de-

121 509 300 554 ductus
326 523 427 554 non
458 517 549 555 est.
588 554 591 557 .

253 574 514 640 Stipendia
560 574 710 639 Regia
751 591 884 622 nunc
925 572 1048 621 duas
1089 571 1282 622 Classes
1320 571 1535 633 habent,

115 642 265 690 aliam
297 660 413 691 cum
438 646 539 698 200
572 641 711 701 ssnis,
750 642 898 691 aliam
930 658 1047 691 cum
1082 645 1179 693 160
1204 640 1254 689 fl.
1293 642 1421 689 solvi
1454 659 1531 689 so-

115 708 272 759 litam.
310 711 482 759 Titulo
519 709 899 775 Stipendiorum
936 717 1070 759 nunc
1099 711 1231 759 circa
1270 712 1455 772 50‚ooo
1484 709 1534 757 ss.

115 777 498 827 distribuuntur.

120 894 167 953 ⁶)
196 893 381 939 Primum
411 897 664 940 convictum
692 913 767 951 pro
796 899 850 940 26
884 895 1111 940 Nobilibus
1147 894 1343 938 Alumnis
1380 893 1530 937 runda-

171 955 236 994 vit
263 955 511 1007 Tyrnaviae
537 955 685 995 Petrus
709 954 926 1008 Pzizmziny
950 967 1061 995 anno
1091 956 1240 1000 1624..
1268 965 1324 992 ex
1348 960 1530 1002 proven-

167 1011 284 1050 tibus
316 1011 452 1051 Piseti
478 1015 579 1058 (art.
609 1013 688 1057 432
719 1012 862 1057 1741.)
890 1011 1082 1059 demum,
1112 1010 1205 1050 Rex
1231 1007 1530 1050 Ferdinandus

164 1065 219 1106 ΙΙ.
248 1079 328 1116 pro
356 1070 406 1106 12
438 1065 665 1106 Nobilibus
692 1064 899 1105 Alumnis
917 1078 1052 1118 aeque
1079 1068 1189 1105 2000
1213 1064 1260 1106 fl.
1296 1063 1374 1104 hoo
1397 1063 1528 1104 titulo

164 1123 358 1163 resolvit·
389 1122 541 1174 ltaque
562 1121 759 1172 inprimis
787 1133 916 1173 opera
945 1127 990 1161 et
1018 1118 1110 1160 zelo
1135 1118 1396 1160 Jenuitarum
1423 1119 1526 1157 effe-

163 1184 274 1218 ctum
298 1179 391 1225 est,
420 1183 467 1216 ut
489 1179 581 1230 Jam
606 1178 732 1217 1784.
760 1179 804 1218 in
830 1177 1053 1232 Hungaria
1077 1182 1122 1218 et
1150 1173 1327 1219 croatia
1343 1176 1394 1215 17
1411 1173 1523 1214 Con-
1581 1175 1584 1179 '

164 1235 300 1274 victus
328 1238 661 1273 numerarentur.

731 1357 768 1420 ᾗ.
809 1359 888 1404 80.

153 1485 207 1538 6.
251 1480 497 1540 Schola&
539 1483 943 1547 Cathedrales,
988 1489 1047 1539 et
1087 1480 1514 1554 Capz'tulares.ss

232 1613 309 1662 Ad
338 1615 608 1662 Convictus
637 1612 817 1661 referri
843 1623 1053 1680 possunt
1081 1614 1247 1671 etiam,
1284 1609 1515 1661 Scholcoe

102 1680 459 1730 Cathedrales
470 1693 522 1730 et
540 1683 899 1746 Capitulares‚
913 1686 1023 1730 sive
1041 1680 1354 1729 Seminaria
1373 1682 1518 1730 Cleri

94 1753 359 1811 Juniorts,
406 1751 580 1816 quales
614 1752 718 1799 fere
748 1753 972 1818 singulus
1019 1750 1300 1815 Episcopus
1333 1750 1385 1796 in
1423 1768 1511 1798 sua

93 1821 324 1870 Dioecesi
355 1819 589 1886 providet
607 1856 620 1878 ,
657 1830 706 1867 et
734 1838 862 1886 quae
887 1820 981 1868 sub
1009 1820 1325 1883 Inspectione
1354 1818 1508 1883 ipsius

91 1888 334 1956 Episcopi
366 1889 758 1938 constituuntur.

713 2026 750 2087 ς.
788 2029 867 2073 81.

221 2155 276 2207 7.
320 2153 605 2210 Generale.
627 2148 1005 2207 Seminarium
1038 2145 1350 2203 Pestae'ense.

220 2280 492 2346 Praecipue
522 2279 600 2328 hic
632 2276 1012 2327 memorandum
1042 2276 1178 2325 venit
1215 2274 1497 2337 Generale‚

87 2351 200 2398 sive
250 2348 505 2399 Genti-ale
567 2346 939 2396 Seminarium
1000 2347 1300 2403 Pestiense,
1359 2348 1499 2413 quod

86 2418 125 2465 F
128 2416 328 2467 acuitati
359 2418 691 2486 Theologicae
720 2416 1070 2467 Universitatis
1100 2424 1416 2474 accensetur,
1448 2427 1500 2465 et

84 2487 135 2533 in
168 2503 274 2551 quo
309 2504 440 2537 nunc
469 2490 603 2537 circa
642 2491 710 2536 60
749 2488 962 2533 Juvenes
993 2482 1205 2540 Clerici,
1240 2500 1335 2548 pro
1366 2486 1498 2533 futu·

83 2555 152 2602 ris
187 2553 487 2621 Theologiae
529 2555 902 2604 Professoribus
947 2562 997 2602 et
1030 2551 1140 2598 aliis
1178 2550 1498 2605 Dioecesanis

84 2624 274 2672 muniis
307 2623 621 2673 erudiuntur.
666 2624 832 2673 Habet
857 2621 1189 2671 Seminarium
1224 2617 1319 2669 hoc
1350 2639 1497 2670 suum

5 2693 8 2697 ’
79 2690 386 2758 peculiarem
420 2693 683 2754 Fundum,
721 2710 854 2741 nunc
883 2694 933 2739 in
967 2692 1095 2740 circa
1122 2691 1308 2746 20‚Ooo
1340 2689 1385 2737 ss.
1422 2691 1495 2737 in-

77 2759 340 2808 ferentem.
378 2763 609 2810 Fundum
645 2761 776 2828 hunc
806 2761 1115 2809 administrat
1144 2757 1493 2824 Archi-Capi·

43 2883 47 2887 ,
87 2827 249 2876 tulum
292 2830 660 2900 strigoniense,
714 2828 857 2897 cujus
903 2830 1091 2878 Rector
1133 2844 1284 2892 super
1321 2845 1496 2876 annuis

1077 2899 1104 2941 5
