1964 3440
927 284 1259 326 mum

997 417 1036 478 ᾗ.
1079 420 1157 465 92.

746 539 1075 595 Inetitutnm
1118 539 1471 605 Pensae’onale.

537 671 831 718 Institutum
869 667 1161 716 Pensionale
1197 687 1291 735 per
1337 688 1470 718 nunc
1498 667 1809 717 Gloriosissi-

394 756 473 787 me
507 740 816 804 Regnantem
857 733 1010 782 Suam
1054 735 1366 799 Maiestatem
1417 737 1816 786 Clementissime

398 806 770 873 Oppi-ebatum,
804 815 852 851 et
881 802 946 849 ab
978 820 1110 851 anno
1145 810 1288 853 179⁷.
1318 808 1366 851 in
1391 807 1564 872 vigore
1590 807 1820 863 existens,

392 877 486 923 sub
532 873 854 940 Inspectione
905 871 1097 920 Excelsi
1138 871 1344 920 Consilii
1381 874 1525 940 Regii
1557 873 1847 923 constituis

387 955 486 990 tur.
554 942 894 1007 Componitur
934 957 1055 989 vero
1102 958 1198 986 una
1247 942 1403 989 mixta
1431 943 1807 1008 Deputatione‚

384 1029 512 1076 quae
551 1028 694 1057 suum
737 1007 1051 1069 praesidem,
1085 1009 1376 1073 complures
1407 1011 1721 1068 Assessores‚
1756 1020 1809 1058 et

388 1076 516 1127 duos
554 1080 730 1126 Cassae
768 1076 1026 1125 Officiales
1061 1077 1225 1124 habet.
1280 1076 1357 1126 Ad
1382 1078 1478 1127 hoc
1519 1080 1812 1126 Institutum
1873 1125 1883 1133 ,

391 1165 555 1214 usque
587 1165 774 1193 annum
819 1150 1024 1196 somum
1084 1143 1339 1194 Officiales
1375 1164 1462 1194 seu
1502 1148 1555 1193 in
1597 1145 1819 1194 Publicis

383 1226 433 1263 et
471 1217 662 1280 Regiis,
701 1217 803 1262 sive
839 1216 890 1260 in
929 1215 1137 1280 privatis
1153 1213 1380 1263 Servitiis
1415 1218 1815 1273 constituantur,

388 1286 640 1349 (exceptis
666 1286 715 1329 in
750 1299 932 1347 genere
963 1280 1227 1345 militibus)
1255 1285 1600 1349 recipiuntur,
1628 1292 1679 1330 et
1706 1299 1813 1330 cer-

386 1354 448 1399 tis
480 1353 572 1399 sub
609 1350 998 1398 Conditionibus
1032 1353 1180 1398 etiam
1214 1349 1428 1409 Medici,
1468 1351 1729 1415 Chirurgi,
1763 1360 1814 1398 et

386 1420 709 1486 Apothecarii
744 1418 969 1482 ejusdem
1017 1420 1232 1466 instituti
1267 1419 1535 1485 participes
1566 1417 1672 1467 fieri
1699 1435 1812 1485 pos-

390 1499 517 1536 sunt.
555 1490 837 1536 Destinatio
857 1489 1129 1554 praecipua
1156 1486 1304 1547 huius
1328 1489 1545 1536 Instituti
1569 1498 1658 1548 est,
1687 1497 1813 1535 aeta·

391 1567 440 1605 te
473 1556 550 1605 vel
577 1556 858 1604 infortunio
888 1555 1130 1604 confectis
1161 1553 1474 1605 Officialibus
1493 1593 1506 1616 ,
1529 1565 1614 1603 aut
1631 1573 1808 1604 eorum

384 1625 572 1674 relictis
590 1624 852 1673 Viduabus
878 1623 1163 1690 adjumenta
1188 1635 1455 1690 praestare.
1499 1623 1662 1673 Habet
1682 1641 1804 1671 vero

381 1695 504 1741 duas
535 1693 760 1754 ClasseS,
805 1702 854 1740 et
891 1693 1039 1741 titulo
1071 1693 1301 1741 radicalis
1338 1693 1579 1759 Capitalis
1606 1690 1670 1739 ad
1708 1693 1811 1757 pri·

383 1781 517 1810 mam
548 1762 771 1809 Classem
812 1765 911 1810 200
946 1760 1004 1810 fl.
1056 1763 1120 1812 V.
1149 1763 1209 1810 V.
1238 1761 1297 1809 ad
1333 1762 1601 1810 secundam
1640 1765 1737 1809 100
1764 1759 1810 1809 ss.

387 1833 450 1879 V.
483 1831 544 1879 V.
581 1828 932 1896 deponuntur,
980 1840 1031 1878 et
1057 1832 1228 1896 pensio
1260 1848 1465 1897 quoque
1493 1839 1568 1878 tot
1595 1828 1808 1877 floreno·

383 1917 500 1946 rum
534 1897 805 1946 obtinetur.
857 1900 1030 1947 Plura
1063 1901 1128 1949 de
1168 1898 1251 1948 lois
1288 1904 1341 1948 in
1376 1898 1613 1949 Statutis
1644 1899 1672 1945 Ι
1678 1903 1816 1949 nstv*-

383 1971 495 2017 tutn’
520 1967 700 2016 videri
716 1975 952 2032 possunt.

1034 2104 1071 2167 §·
1111 2109 1201 2154 93.

745 2226 1081 2283 Institutum
1127 2229 1447 2285 Coeo-orum.

522 2341 813 2388 Institutum
855 2340 1140 2387 Coecorum
1176 2338 1382 2389 obtenta
1419 2344 1677 2396 Altissima
1707 2349 1806 2398 Ra-

384 2409 681 2458 tihabitione
717 2408 871 2474 Regia
893 2441 908 2465 ‚
951 2425 1012 2455 ex
1051 2409 1200 2456 meris
1237 2410 1542 2462 notabilibus
1578 2416 1802 2467 Privato-

386 2496 502 2526 rum
532 2477 902 2534 oblationibus,
941 2487 1212 2542 praeeunte
1248 2480 1484 2549 exemplo
1519 2482 1620 2533 Sua
1662 2485 1807 2534 Sere-

385 2549 557 2594 mitate
581 2545 924 2612 Regia,Regni
954 2544 1192 2604 Palatino,
1217 2548 1309 2595 sub
1327 2548 1499 2599 Diaeta
1525 2570 1656 2602 anno
1676 2559 1804 2605 1826

389 2615 590 2663 Posonii
618 2614 835 2671 coaluit,
872 2611 987 2660 inde
1019 2630 1138 2661 mox
1168 2613 1421 2665 Pestinum
1451 2619 1722 2672 deductum
1752 2633 1804 2672 et

381 2682 586 2731 uberius
622 2683 960 2748 organisatum
992 2692 1079 2729 est.
1135 2683 1340 2732 Fundus
1365 2684 1474 2753 ejus
1504 2691 1556 2736 in
1591 2688 1696 2738 dies
1727 2709 1804 2740 ac-

381 2768 628 2812 crescens,
659 2748 760 2816 jam
791 2752 921 2799 circa
939 2753 1107 2799 45000
1126 2749 1170 2798 fl.
1202 2753 1360 2801 conv,
1402 2760 1675 2808 constituit,
1704 2758 1804 2808 Ad„

386 2829 501 2867 “flunt
533 2820 583 2866 in
613 2836 671 2867 eo
712 2836 838 2867 unus
886 2818 1115 2885 Dirigens
1150 2821 1362 2883 Docens,
1388 2844 1503 2874 cum
1543 2827 1653 2874 aliis
1679 2827 1800 2875 duo*

382 2888 475 2936 bus
512 2890 820 2947 (memoratu
859 2885 1090 2955 dignum'
1130 2889 1175 2940 hi
1226 2887 1325 2940 duo
1358 2899 1519 2961 acque
1543 2899 1713 2961 cocci,
1758 2907 1809 2946 et
