1964 3440
916 252 1252 298 ..33-

832 387 1217 458 CAPUT
1277 389 1328 456 Ι.

378 513 777 589 Complectens
811 515 955 572 Jura
998 517 1176 589 Regis
1210 513 1546 588 Hungariae
1577 515 1787 572 Reser-

647 618 778 668 vata
809 614 962 668 circa
1002 612 1210 668 Aulam
1249 597 1516 683 Regiam.

998 744 1046 807 ς.
1090 750 1171 804 4¹.-

788 865 937 931 Quid
963 866 1109 923 Aula
1145 865 1332 942 Regia
1349 870 1382 925 ἓ

516 977 590 1026 Ut
633 985 735 1026 tam
778 978 939 1026 multa
983 987 1035 1027 et
1074 978 1270 1027 diversa
1312 977 1541 1045 objecta,
1575 995 1704 1046 quae
1733 979 1797 1028 ad

380 1046 658 1116 Sphaeram
702 1044 1162 1095 Administrationis
1210 1046 1382 1094 Civilis
1433 1049 1686 1113 pertinere
1727 1047 1796 1104 di-

376 1124 716 1187 gnoscuntur,
749 1112 982 1180 expedite
1017 1124 1068 1162 et
1101 1112 1266 1165 debite
1297 1116 1533 1163 assummi
1553 1152 1566 1173 ‚
1608 1124 1797 1181 pertra-

380 1185 503 1238 ctari
535 1194 585 1232 et
630 1182 787 1231 decidi
820 1182 1042 1243 valeant,
1089 1200 1217 1249 opus
1263 1193 1338 1231 est
1368 1184 1503 1234 Viris
1529 1193 1578 1234 et
1613 1183 1799 1239 Indivi-

377 1254 514 1314 duis,
575 1252 661 1317 qui
715 1251 903 1316 Regem
958 1251 1008 1297 in
1072 1250 1131 1300 iis
1174 1249 1486 1317 perficiendis
1529 1248 1800 1315 adjuvent,

378 1323 531 1390 quive
559 1337 619 1368 eo
648 1321 757 1384 ipso
791 1321 842 1365 in
870 1318 1045 1384 primis
1072 1318 1228 1384 Regni
1265 1319 1457 1369 Officiis
1486 1330 1536 1368 et
1570 1320 1798 1386 Dignita-

382 1391 517 1440 tibus
548 1387 834 1446 constituti,
863 1386 1026 1435 Aulae
1057 1386 1240 1452 Regiae
1268 1385 1487 1436 debitam
1514 1387 1799 1437 Auctorita-

380 1469 508 1520 tem,
569 1467 620 1505 et
668 1465 935 1512 externum
987 1454 1314 1521 splendorem
1360 1473 1564 1523 quoque
1594 1455 1798 1505 concili·

382 1536 485 1583 ent.
529 1527 644 1573 Viri
672 1521 729 1570 ln·
743 1558 756 1580 ,
785 1526 883 1590 qui
908 1520 1007 1571 has
1037 1540 1167 1572 cum
1185 1525 1334 1588 Rege
1342 1542 1538 1589 graves
1552 1524 1803 1586 functio·

382 1613 476 1644 nes
510 1592 713 1643 obeunt
733 1626 748 1649 ‚
781 1610 848 1640 ac
868 1609 930 1641 eo
957 1594 1070 1656 ipso
1097 1595 1149 1640 in
1176 1594 1408 1641 summis
1427 1592 1803 1658 Dignitatibus

382 1666 823 1718 constituuntur,
890 1658 996 1709 huc·
1056 1660 1439 1711 adnumeratis
1483 1663 1659 1711 etiarn
1701 1665 1800 1721 iis,

382 1734 478 1799 qui
512 1733 668 1781 unice
722 1729 911 1778 Titulis
950 1741 1005 1777 et
1039 1729 1373 1791 Honoribus,
1420 1732 1509 1780 vel
1541 1732 1619 1780 sie
1648 1728 1806 1780 dictis

388 1798 679 1857 Ordinibus
715 1801 856 1859 suis,
889 1800 1036 1846 circa
1080 1802 1375 1855 Personam
1419 1800 1656 1865 Regiam
1690 1819 1805 1848 ver-

377 1879 606 1929 santur,
637 1867 851 1916 Aulam
873 1867 1115 1935 Regiam
1144 1872 1498 1922 constituunt.
1529 1867 1678 1932 Quod
1707 1870 1805 1918 Re·

380 1956 466 2006 ges
503 1938 789 2002 Hungariae
832 1936 1017 1986 Aulam
1054 1955 1192 1987 suam
1229 1939 1434 2004 Regiam
1466 1940 1568 1987 sive
1595 1937 1802 1997 „Pala-

389 2008 534 2063 tium
579 2003 821 2070 Regale,
871 2009 922 2060 S,
960 2004 1096 2066 Lad.
1136 2009 1199 2065 D.
1241 2007 1300 2055 L.
1337 2007 1370 2058 I.
1405 2007 1460 2055 C'.
1500 2009 1636 2059 41.⁶⁴
1674 2024 1805 2054 sem-

383 2093 476 2143 per
522 2074 812 2132 habuerint,
863 2083 912 2119 et
962 2092 1095 2122 nunc
1145 2092 1350 2141 quoque
1388 2074 1631 2135 habeant,
1666 2086 1805 2141 patet

379 2145 609 2211 inprimis
654 2160 716 2190 ex
754 2143 811 2188 iis
848 2141 1088 2204 Legibus,
1158 2160 1287 2208 quae
1336 2143 1457 2209 Regi
1517 2145 1803 2208 Hungariae

384 2216 473 2261 Jus
510 2211 767 2268 deferunt,
816 2220 871 2257 ut
906 2211 1211 2276 Dignitates,
1264 2211 1497 2259 Honores
1534 2222 1584 2260 et
1621 2211 1804 2260 Officia

385 2281 616 2330 Pel-sonis
652 2278 714 2327 de
749 2279 909 2334 Patria
946 2289 997 2326 et
1045 2279 1194 2344 Rege
1247 2278 1373 2327 bene
1418 2281 1607 2328 meritis
1646 2279 1804 2329 libere

385 2349 625 2399 conferat.
673 2353 828 2398 1439:
871 2351 944 2398 15.
988 2352 1145 2407 1526:
1185 2355 1228 2399 2.
1267 2349 1334 2395 Ut
1370 2348 1695 2397 consiliarios
1723 2366 1802 2396 su·

385 2436 442 2467 os
477 2436 504 2467 e
538 2416 704 2466 medio
752 2418 1107 2480 Hungarorum
1144 2418 1309 2483 eiigat.
1370 2422 1520 2477 1⁷41:
1562 2422 1638 2468 15.
1690 2418 1803 2478 Hoc

385 2502 532 2550 sensu=
569 2486 629 2534 ad
666 2485 849 2543 Aulam
878 2486 1082 2552 Regiam
1120 2487 1402 2552 pertinent:

1000 2591 1040 2654 ς.
1078 2596 1158 2640 112.

615 2701 667 2752 1.
702 2697 962 2753 Barones
997 2693 1195 2770 Regna*
1231 2696 1550 2754 Ordz’narz'e‘.

519 2789 600 2838 Ad
626 2791 811 2839 Aulam
835 2793 1045 2857 Regiam
1077 2790 1140 2839 de
1172 2791 1380 2857 antiquo
1407 2792 1566 2858 Regni
1596 2790 1798 2838 Institu-

387 2868 438 2908 ιο
470 2876 560 2909 nec
587 2877 687 2909 non
737 2861 924 2927 Legum
954 2861 1232 2917 Patriarum
1269 2859 1545 2922 teneiibus‚
1578 2859 1798 2914 zeferun-
