<?xml version="1.0" encoding="UTF-8"?>
<!DOCTYPE html PUBLIC "-//W3C//DTD XHTML 1.0 Transitional//EN"
    "http://www.w3.org/TR/xhtml1/DTD/xhtml1-transitional.dtd">
<html xmlns="http://www.w3.org/1999/xhtml" xml:lang="en" lang="en">
 <head>
  <title>
</title>
<meta http-equiv="Content-Type" content="text/html;charset=utf-8" />
  <meta name='ocr-system' content='tesseract 3.04.00' />
  <meta name='ocr-capabilities' content='ocr_page ocr_carea ocr_par ocr_line ocrx_word'/>
</head>
<body>
  <div class='ocr_page' id='page_1' title='image "./statuspoliticoju00blas_0014.png"; bbox 0 0 1964 3440; ppageno 0'>
   <div class='ocr_carea' id='block_1_1' title="bbox 963 247 1269 290">
    <p class='ocr_par' dir='ltr' id='par_1_1' title="bbox 963 247 1269 290">
     <span class='ocr_line' id='line_1_1' title="bbox 963 247 1269 290; baseline 0 -13"><span class='ocrx_word' id='word_1_1' title='bbox 963 247 1269 290; x_wconf 52' lang='lat'>...4-1..</span> 
     </span>
    </p>
   </div>
   <div class='ocr_carea' id='block_1_2' title="bbox 1047 396 1219 462">
    <p class='ocr_par' dir='ltr' id='par_1_2' title="bbox 1047 396 1219 462">
     <span class='ocr_line' id='line_1_2' title="bbox 1047 396 1219 462; baseline 0.006 -16"><span class='ocrx_word' id='word_1_2' title='bbox 1047 400 1088 462; x_wconf 53' lang='grc' dir='ltr'><strong>ᾗ.</strong></span> <span class='ocrx_word' id='word_1_3' title='bbox 1151 396 1219 448; x_wconf 80' lang='grc'><strong>4,·</strong></span> 
     </span>
    </p>
   </div>
   <div class='ocr_carea' id='block_1_3' title="bbox 644 538 1605 616">
    <p class='ocr_par' dir='ltr' id='par_1_3' title="bbox 644 538 1605 616">
     <span class='ocr_line' id='line_1_3' title="bbox 644 538 1605 616; baseline -0.005 -19"><span class='ocrx_word' id='word_1_4' title='bbox 644 539 833 616; x_wconf 80' lang='lat' dir='ltr'><strong>Leges</strong></span> <span class='ocrx_word' id='word_1_5' title='bbox 874 538 1073 616; x_wconf 72' lang='lat' dir='ltr'><strong>Regni</strong></span> <span class='ocrx_word' id='word_1_6' title='bbox 1110 539 1605 599; x_wconf 70' lang='lat' dir='ltr'><strong>Fundamentales.</strong></span> 
     </span>
    </p>
   </div>
   <div class='ocr_carea' id='block_1_4' title="bbox 417 668 1848 1209">
    <p class='ocr_par' dir='ltr' id='par_1_4' title="bbox 417 668 1848 1209">
     <span class='ocr_line' id='line_1_4' title="bbox 557 668 1840 739; baseline -0.007 -18"><span class='ocrx_word' id='word_1_7' title='bbox 557 673 645 721; x_wconf 85' lang='lat' dir='ltr'><strong>Uti</strong></span> <span class='ocrx_word' id='word_1_8' title='bbox 685 689 747 720; x_wconf 77' lang='lat' dir='ltr'><strong>ex</strong></span> <span class='ocrx_word' id='word_1_9' title='bbox 775 670 1188 739; x_wconf 84' lang='lat' dir='ltr'><strong>praecedentibus</strong></span> <span class='ocrx_word' id='word_1_10' title='bbox 1218 679 1382 739; x_wconf 85' lang='lat' dir='ltr'><strong>patet,</strong></span> <span class='ocrx_word' id='word_1_11' title='bbox 1417 671 1550 717; x_wconf 90' lang='lat' dir='ltr'><strong>inter</strong></span> <span class='ocrx_word' id='word_1_12' title='bbox 1574 668 1763 734; x_wconf 78' lang='lat' dir='ltr'><strong>Regem</strong></span> <span class='ocrx_word' id='word_1_13' title='bbox 1788 672 1840 712; x_wconf 86' lang='lat' dir='ltr'><strong>et</strong></span> 
     </span>
     <span class='ocr_line' id='line_1_5' title="bbox 417 733 1839 809; baseline -0.008 -19"><span class='ocrx_word' id='word_1_14' title='bbox 417 741 677 809; x_wconf 87' lang='lat' dir='ltr'>Populum</span> <span class='ocrx_word' id='word_1_15' title='bbox 721 738 823 806; x_wconf 85' lang='lat' dir='ltr'><strong>jam</strong></span> <span class='ocrx_word' id='word_1_16' title='bbox 864 742 1141 806; x_wconf 85' lang='lat' dir='ltr'><strong>antiquitus</strong></span> <span class='ocrx_word' id='word_1_17' title='bbox 1181 749 1316 788; x_wconf 88' lang='lat' dir='ltr'><strong>certa</strong></span> <span class='ocrx_word' id='word_1_18' title='bbox 1359 748 1505 805; x_wconf 87' lang='lat' dir='ltr'><strong>pacta</strong></span> <span class='ocrx_word' id='word_1_19' title='bbox 1546 733 1839 784; x_wconf 85' lang='lat' dir='ltr'><strong>intervenis·</strong></span> 
     </span>
     <span class='ocr_line' id='line_1_6' title="bbox 417 806 1839 875; baseline -0.008 -16"><span class='ocrx_word' id='word_1_20' title='bbox 417 828 499 871; x_wconf 87' lang='lat' dir='ltr'><strong>se,</strong></span> <span class='ocrx_word' id='word_1_21' title='bbox 539 811 603 856; x_wconf 84' lang='lat' dir='ltr'><strong>ita</strong></span> <span class='ocrx_word' id='word_1_22' title='bbox 631 806 804 856; x_wconf 86' lang='lat' dir='ltr'><strong>eadem</strong></span> <span class='ocrx_word' id='word_1_23' title='bbox 828 809 1100 859; x_wconf 86' lang='lat' dir='ltr'><strong>serioribus</strong></span> <span class='ocrx_word' id='word_1_24' title='bbox 1129 808 1447 875; x_wconf 74' lang='lat' dir='ltr'><strong>temporibus</strong></span> <span class='ocrx_word' id='word_1_25' title='bbox 1473 821 1680 873; x_wconf 81' lang='lat' dir='ltr'><strong>quoque</strong></span> <span class='ocrx_word' id='word_1_26' title='bbox 1704 819 1839 851; x_wconf 88' lang='lat' dir='ltr'><strong>com·</strong></span> 
     </span>
     <span class='ocr_line' id='line_1_7' title="bbox 418 875 1845 945; baseline -0.006 -20"><span class='ocrx_word' id='word_1_27' title='bbox 418 877 650 945; x_wconf 83' lang='lat' dir='ltr'><strong>pluribus</strong></span> <span class='ocrx_word' id='word_1_28' title='bbox 677 875 908 924; x_wconf 83' lang='lat' dir='ltr'><strong>Decretis</strong></span> <span class='ocrx_word' id='word_1_29' title='bbox 943 887 993 924; x_wconf 87' lang='lat' dir='ltr'><strong>et</strong></span> <span class='ocrx_word' id='word_1_30' title='bbox 1028 875 1246 941; x_wconf 85' lang='lat' dir='ltr'><strong>Legibus</strong></span> <span class='ocrx_word' id='word_1_31' title='bbox 1262 914 1279 937; x_wconf 50' lang='lat'><strong>7,</strong></span> <span class='ocrx_word' id='word_1_32' title='bbox 1318 875 1501 942; x_wconf 85' lang='lat' dir='ltr'><strong>quibus</strong></span> <span class='ocrx_word' id='word_1_33' title='bbox 1532 884 1707 921; x_wconf 85' lang='lat' dir='ltr'><strong>mutua</strong></span> <span class='ocrx_word' id='word_1_34' title='bbox 1735 887 1845 919; x_wconf 89' lang='lat' dir='ltr'><strong>cor·</strong></span> 
     </span>
     <span class='ocr_line' id='line_1_8' title="bbox 418 939 1844 1010; baseline -0.006 -16"><span class='ocrx_word' id='word_1_35' title='bbox 418 946 596 994; x_wconf 87' lang='lat' dir='ltr'><strong>relatio</strong></span> <span class='ocrx_word' id='word_1_36' title='bbox 628 942 819 1010; x_wconf 84' lang='lat' dir='ltr'><strong>jurium</strong></span> <span class='ocrx_word' id='word_1_37' title='bbox 857 945 1217 1009; x_wconf 84' lang='lat' dir='ltr'><strong>principalium</strong></span> <span class='ocrx_word' id='word_1_38' title='bbox 1259 946 1390 991; x_wconf 87' lang='lat' dir='ltr'><strong>inter</strong></span> <span class='ocrx_word' id='word_1_39' title='bbox 1421 944 1614 1010; x_wconf 85' lang='lat' dir='ltr'><strong>Regem</strong></span> <span class='ocrx_word' id='word_1_40' title='bbox 1662 950 1713 988; x_wconf 88' lang='lat' dir='ltr'><strong>et</strong></span> <span class='ocrx_word' id='word_1_41' title='bbox 1748 939 1844 986; x_wconf 89' lang='lat' dir='ltr'><strong>Po-</strong></span> 
     </span>
     <span class='ocr_line' id='line_1_9' title="bbox 420 1005 1844 1080; baseline -0.006 -19"><span class='ocrx_word' id='word_1_42' title='bbox 420 1012 598 1080; x_wconf 86' lang='lat' dir='ltr'><strong>pulum</strong></span> <span class='ocrx_word' id='word_1_43' title='bbox 635 1011 696 1059; x_wconf 87' lang='lat' dir='ltr'><strong>ad</strong></span> <span class='ocrx_word' id='word_1_44' title='bbox 747 1012 965 1059; x_wconf 88' lang='lat' dir='ltr'><strong>invicem</strong></span> <span class='ocrx_word' id='word_1_45' title='bbox 1012 1009 1282 1074; x_wconf 79' lang='lat' dir='ltr'><strong>specialius</strong></span> <span class='ocrx_word' id='word_1_46' title='bbox 1319 1009 1640 1068; x_wconf 80' lang='lat' dir='ltr'><strong>definiretur,</strong></span> <span class='ocrx_word' id='word_1_47' title='bbox 1679 1005 1844 1055; x_wconf 86' lang='lat' dir='ltr'><strong>uberi·</strong></span> 
     </span>
     <span class='ocr_line' id='line_1_10' title="bbox 420 1074 1847 1133; baseline -0.006 -5"><span class='ocrx_word' id='word_1_48' title='bbox 420 1099 479 1128; x_wconf 87' lang='lat' dir='ltr'><strong>us</strong></span> <span class='ocrx_word' id='word_1_49' title='bbox 507 1079 835 1128; x_wconf 87' lang='lat' dir='ltr'><strong>determinata</strong></span> <span class='ocrx_word' id='word_1_50' title='bbox 857 1112 872 1133; x_wconf 85' lang='grc'>,</span> <span class='ocrx_word' id='word_1_51' title='bbox 912 1087 1056 1126; x_wconf 89' lang='lat' dir='ltr'><strong>aucta</strong></span> <span class='ocrx_word' id='word_1_52' title='bbox 1092 1086 1141 1122; x_wconf 88' lang='lat' dir='ltr'><strong>et</strong></span> <span class='ocrx_word' id='word_1_53' title='bbox 1171 1074 1366 1123; x_wconf 86' lang='lat' dir='ltr'><strong>firmata</strong></span> <span class='ocrx_word' id='word_1_54' title='bbox 1395 1075 1612 1124; x_wconf 74' lang='lat' dir='ltr'><strong>fuerunt.</strong></span> <span class='ocrx_word' id='word_1_55' title='bbox 1651 1075 1847 1124; x_wconf 88' lang='lat' dir='ltr'><strong>Consti·</strong></span> 
     </span>
     <span class='ocr_line' id='line_1_11' title="bbox 421 1141 1848 1209; baseline -0.006 -14"><span class='ocrx_word' id='word_1_56' title='bbox 421 1150 639 1197; x_wconf 82' lang='lat' dir='ltr'><strong>tutiones</strong></span> <span class='ocrx_word' id='word_1_57' title='bbox 656 1145 746 1193; x_wconf 89' lang='lat' dir='ltr'><strong>hae</strong></span> <span class='ocrx_word' id='word_1_58' title='bbox 764 1146 969 1209; x_wconf 74' lang='lat' dir='ltr'><strong>„Leges</strong></span> <span class='ocrx_word' id='word_1_59' title='bbox 988 1147 1161 1207; x_wconf 75' lang='lat' dir='ltr'><strong>Regni</strong></span> <span class='ocrx_word' id='word_1_60' title='bbox 1176 1144 1656 1192; x_wconf 75' lang='lat' dir='ltr'><strong>Fundamentales“</strong></span> <span class='ocrx_word' id='word_1_61' title='bbox 1673 1141 1848 1208; x_wconf 88' lang='lat' dir='ltr'><strong>appel-</strong></span> 
     </span>
    </p>
   </div>
   <div class='ocr_carea' id='block_1_5' title="bbox 422 1210 1936 1280">
    <p class='ocr_par' dir='ltr' id='par_1_5' title="bbox 422 1210 1936 1280">
     <span class='ocr_line' id='line_1_12' title="bbox 422 1210 1936 1280; baseline -0.004 -17"><span class='ocrx_word' id='word_1_62' title='bbox 422 1217 621 1275; x_wconf 88' lang='lat' dir='ltr'><strong>lantur,</strong></span> <span class='ocrx_word' id='word_1_63' title='bbox 658 1231 786 1280; x_wconf 88' lang='lat' dir='ltr'><strong>quae</strong></span> <span class='ocrx_word' id='word_1_64' title='bbox 841 1225 945 1262; x_wconf 87' lang='lat' dir='ltr'><strong>tam</strong></span> <span class='ocrx_word' id='word_1_65' title='bbox 975 1231 1067 1280; x_wconf 89' lang='lat' dir='ltr'><strong>per</strong></span> <span class='ocrx_word' id='word_1_66' title='bbox 1108 1214 1329 1279; x_wconf 81' lang='lat' dir='ltr'><strong>Regem,</strong></span> <span class='ocrx_word' id='word_1_67' title='bbox 1374 1231 1527 1278; x_wconf 82' lang='lat' dir='ltr'><strong>quam</strong></span> <span class='ocrx_word' id='word_1_68' title='bbox 1558 1230 1651 1278; x_wconf 84' lang='lat' dir='ltr'><strong>per</strong></span> <span class='ocrx_word' id='word_1_69' title='bbox 1678 1210 1853 1258; x_wconf 84' lang='lat' dir='ltr'><strong>Natio·</strong></span> <span class='ocrx_word' id='word_1_70' title='bbox 1930 1236 1936 1239; x_wconf 71' lang='lat'><em>,</em></span> 
     </span>
    </p>
   </div>
   <div class='ocr_carea' id='block_1_6' title="bbox 363 1281 1887 2918">
    <p class='ocr_par' dir='ltr' id='par_1_6' title="bbox 363 1281 1851 1467">
     <span class='ocr_line' id='line_1_13' title="bbox 423 1281 1851 1342; baseline -0.005 -11"><span class='ocrx_word' id='word_1_71' title='bbox 423 1303 539 1331; x_wconf 90' lang='lat' dir='ltr'><strong>nem</strong></span> <span class='ocrx_word' id='word_1_72' title='bbox 599 1282 941 1332; x_wconf 88' lang='lat' dir='ltr'><strong>observandae</strong></span> <span class='ocrx_word' id='word_1_73' title='bbox 999 1281 1234 1342; x_wconf 84' lang='lat' dir='ltr'><strong>veniunt,</strong></span> <span class='ocrx_word' id='word_1_74' title='bbox 1294 1281 1452 1330; x_wconf 90' lang='lat' dir='ltr'><strong>donec</strong></span> <span class='ocrx_word' id='word_1_75' title='bbox 1508 1290 1688 1327; x_wconf 89' lang='lat' dir='ltr'><strong>mutuo</strong></span> <span class='ocrx_word' id='word_1_76' title='bbox 1732 1295 1851 1326; x_wconf 90' lang='lat' dir='ltr'><strong>con-</strong></span> 
     </span>
     <span class='ocr_line' id='line_1_14' title="bbox 363 1348 1843 1411; baseline -0.002 -14"><span class='ocrx_word' id='word_1_77' title='bbox 363 1391 374 1397; x_wconf 62' lang='lat'><em>„</em></span> <span class='ocrx_word' id='word_1_78' title='bbox 421 1369 569 1399; x_wconf 88' lang='lat' dir='ltr'><strong>sensu</strong></span> <span class='ocrx_word' id='word_1_79' title='bbox 612 1349 858 1399; x_wconf 75' lang='lat' dir='ltr'><strong>tollantur</strong></span> <span class='ocrx_word' id='word_1_80' title='bbox 888 1386 901 1411; x_wconf 86' lang='lat'>,</span> <span class='ocrx_word' id='word_1_81' title='bbox 954 1350 1038 1398; x_wconf 85' lang='lat' dir='ltr'><strong>vel</strong></span> <span class='ocrx_word' id='word_1_82' title='bbox 1067 1348 1246 1397; x_wconf 89' lang='lat' dir='ltr'><strong>iisdem</strong></span> <span class='ocrx_word' id='word_1_83' title='bbox 1290 1348 1415 1398; x_wconf 88' lang='lat' dir='ltr'><strong>aliae</strong></span> <span class='ocrx_word' id='word_1_84' title='bbox 1456 1349 1843 1397; x_wconf 82' lang='lat' dir='ltr'><strong>substituantur.</strong></span> 
     </span>
     <span class='ocr_line' id='line_1_15' title="bbox 424 1419 858 1467; baseline -0.005 -1"><span class='ocrx_word' id='word_1_85' title='bbox 424 1421 557 1467; x_wconf 84' lang='lat' dir='ltr'><strong>Part.</strong></span> <span class='ocrx_word' id='word_1_86' title='bbox 597 1419 662 1465; x_wconf 90' lang='grc' dir='ltr'><strong>ΙΙ.</strong></span> <span class='ocrx_word' id='word_1_87' title='bbox 708 1427 763 1464; x_wconf 89' lang='lat' dir='ltr'><strong>tt.</strong></span> <span class='ocrx_word' id='word_1_88' title='bbox 815 1421 858 1465; x_wconf 89' lang='lat'><strong>5.</strong></span> 
     </span>
    </p>

    <p class='ocr_par' dir='ltr' id='par_1_7' title="bbox 425 1483 1852 1757">
     <span class='ocr_line' id='line_1_16' title="bbox 559 1483 1851 1553; baseline -0.002 -19"><span class='ocrx_word' id='word_1_89' title='bbox 559 1488 688 1535; x_wconf 87' lang='lat' dir='ltr'><strong>Sunt</strong></span> <span class='ocrx_word' id='word_1_90' title='bbox 703 1503 824 1534; x_wconf 85' lang='lat' dir='ltr'><strong>vero</strong></span> <span class='ocrx_word' id='word_1_91' title='bbox 839 1486 996 1553; x_wconf 82' lang='lat' dir='ltr'><strong>Leges</strong></span> <span class='ocrx_word' id='word_1_92' title='bbox 1010 1485 1168 1553; x_wconf 82' lang='lat' dir='ltr'><strong>Regni</strong></span> <span class='ocrx_word' id='word_1_93' title='bbox 1181 1483 1687 1547; x_wconf 81' lang='lat' dir='ltr'><strong>Fundamentales,-—-</strong></span> <span class='ocrx_word' id='word_1_94' title='bbox 1708 1500 1851 1551; x_wconf 87' lang='lat' dir='ltr'><strong>prae·</strong></span> 
     </span>
     <span class='ocr_line' id='line_1_17' title="bbox 426 1552 1849 1620; baseline -0.003 -18"><span class='ocrx_word' id='word_1_95' title='bbox 426 1566 502 1603; x_wconf 86' lang='lat' dir='ltr'><strong>ter</strong></span> <span class='ocrx_word' id='word_1_96' title='bbox 542 1555 727 1603; x_wconf 87' lang='lat' dir='ltr'><strong>dictam</strong></span> <span class='ocrx_word' id='word_1_97' title='bbox 757 1552 894 1602; x_wconf 89' lang='lat' dir='ltr'><strong>Almi</strong></span> <span class='ocrx_word' id='word_1_98' title='bbox 939 1554 1096 1602; x_wconf 88' lang='lat' dir='ltr'><strong>Ducis</strong></span> <span class='ocrx_word' id='word_1_99' title='bbox 1139 1554 1565 1614; x_wconf 87' lang='lat' dir='ltr'><strong>Conventionem,</strong></span> <span class='ocrx_word' id='word_1_100' title='bbox 1606 1571 1735 1620; x_wconf 87' lang='lat' dir='ltr'><strong>quae</strong></span> <span class='ocrx_word' id='word_1_101' title='bbox 1776 1553 1849 1598; x_wconf 92' lang='lat' dir='ltr'><strong>in-</strong></span> 
     </span>
     <span class='ocr_line' id='line_1_18' title="bbox 425 1620 1852 1688; baseline -0.004 -17"><span class='ocrx_word' id='word_1_102' title='bbox 425 1634 528 1672; x_wconf 87' lang='lat' dir='ltr'><strong>star</strong></span> <span class='ocrx_word' id='word_1_103' title='bbox 572 1622 726 1671; x_wconf 86' lang='lat' dir='ltr'><strong>fontis</strong></span> <span class='ocrx_word' id='word_1_104' title='bbox 754 1640 851 1688; x_wconf 86' lang='lat' dir='ltr'><strong>pro</strong></span> <span class='ocrx_word' id='word_1_105' title='bbox 895 1622 1162 1688; x_wconf 82' lang='lat' dir='ltr'><strong>subsequis</strong></span> <span class='ocrx_word' id='word_1_106' title='bbox 1204 1620 1665 1670; x_wconf 83' lang='lat' dir='ltr'><strong>fundamentalibus</strong></span> <span class='ocrx_word' id='word_1_107' title='bbox 1705 1621 1852 1687; x_wconf 80' lang='lat' dir='ltr'><strong>Legi-</strong></span> 
     </span>
     <span class='ocr_line' id='line_1_19' title="bbox 425 1689 1819 1757; baseline -0.004 -17"><span class='ocrx_word' id='word_1_108' title='bbox 425 1692 522 1741; x_wconf 84' lang='lat' dir='ltr'><strong>bus</strong></span> <span class='ocrx_word' id='word_1_109' title='bbox 557 1691 881 1740; x_wconf 83' lang='lat' dir='ltr'><strong>deservivisse</strong></span> <span class='ocrx_word' id='word_1_110' title='bbox 908 1689 1189 1751; x_wconf 83' lang='lat' dir='ltr'><strong>videtur‚—</strong></span> <span class='ocrx_word' id='word_1_111' title='bbox 1211 1691 1511 1757; x_wconf 81' lang='lat' dir='ltr'><strong>praecipuae</strong></span> <span class='ocrx_word' id='word_1_112' title='bbox 1530 1700 1819 1755; x_wconf 84' lang='lat' dir='ltr'><strong>sequentes:</strong></span> 
     </span>
    </p>

    <p class='ocr_par' dir='ltr' id='par_1_8' title="bbox 429 1756 1852 2097">
     <span class='ocr_line' id='line_1_20' title="bbox 568 1756 1848 1825; baseline -0.005 -16"><span class='ocrx_word' id='word_1_113' title='bbox 568 1766 668 1809; x_wconf 89' lang='lat'><em>1-0.</em></span> <span class='ocrx_word' id='word_1_114' title='bbox 698 1760 848 1825; x_wconf 84' lang='lat' dir='ltr'><strong>Regis</strong></span> <span class='ocrx_word' id='word_1_115' title='bbox 880 1759 1112 1817; x_wconf 83' lang='lat' dir='ltr'><strong>Andreae</strong></span> <span class='ocrx_word' id='word_1_116' title='bbox 1140 1758 1205 1805; x_wconf 93' lang='lat' dir='ltr'><strong>II.</strong></span> <span class='ocrx_word' id='word_1_117' title='bbox 1246 1757 1398 1805; x_wconf 88' lang='lat' dir='ltr'><strong>Bulla</strong></span> <span class='ocrx_word' id='word_1_118' title='bbox 1426 1760 1594 1805; x_wconf 90' lang='lat' dir='ltr'><strong>Aurea</strong></span> <span class='ocrx_word' id='word_1_119' title='bbox 1622 1756 1683 1804; x_wconf 92' lang='lat' dir='ltr'><strong>de</strong></span> <span class='ocrx_word' id='word_1_120' title='bbox 1715 1774 1848 1804; x_wconf 90' lang='lat' dir='ltr'><strong>anno</strong></span> 
     </span>
     <span class='ocr_line' id='line_1_21' title="bbox 430 1825 1852 1893; baseline -0.004 -15"><span class='ocrx_word' id='word_1_121' title='bbox 430 1831 580 1878; x_wconf 87' lang='lat'>1222.</span> <span class='ocrx_word' id='word_1_122' title='bbox 615 1844 715 1893; x_wconf 86' lang='lat' dir='ltr'><strong>qua</strong></span> <span class='ocrx_word' id='word_1_123' title='bbox 760 1825 1016 1875; x_wconf 85' lang='lat' dir='ltr'><strong>libertates</strong></span> <span class='ocrx_word' id='word_1_124' title='bbox 1064 1825 1327 1876; x_wconf 83' lang='lat' dir='ltr'><strong>Nobilium</strong></span> <span class='ocrx_word' id='word_1_125' title='bbox 1370 1835 1750 1886; x_wconf 86' lang='lat' dir='ltr'><strong>assecurantur,</strong></span> <span class='ocrx_word' id='word_1_126' title='bbox 1785 1833 1852 1886; x_wconf 79' lang='lat' dir='ltr'><strong>et,</strong></span> 
     </span>
     <span class='ocr_line' id='line_1_22' title="bbox 432 1891 1852 1962; baseline -0.001 -20"><span class='ocrx_word' id='word_1_127' title='bbox 432 1914 587 1962; x_wconf 87' lang='lat' dir='ltr'><strong>quam</strong></span> <span class='ocrx_word' id='word_1_128' title='bbox 628 1896 1049 1944; x_wconf 89' lang='lat' dir='ltr'><strong>neocoronandus</strong></span> <span class='ocrx_word' id='word_1_129' title='bbox 1087 1895 1197 1943; x_wconf 84' lang='lat' dir='ltr'><strong>Rex</strong></span> <span class='ocrx_word' id='word_1_130' title='bbox 1241 1891 1527 1960; x_wconf 87' lang='lat' dir='ltr'><strong>juramento</strong></span> <span class='ocrx_word' id='word_1_131' title='bbox 1557 1891 1852 1955; x_wconf 85' lang='lat' dir='ltr'><strong>confirmat,</strong></span> 
     </span>
     <span class='ocr_line' id='line_1_23' title="bbox 429 1961 1849 2029; baseline -0.001 -18"><span class='ocrx_word' id='word_1_132' title='bbox 429 1973 638 2029; x_wconf 78' lang='lat' dir='ltr'><strong>excepta</strong></span> <span class='ocrx_word' id='word_1_133' title='bbox 678 1972 844 2010; x_wconf 86' lang='lat' dir='ltr'><strong>tamen</strong></span> <span class='ocrx_word' id='word_1_134' title='bbox 886 1964 1142 2023; x_wconf 83' lang='lat' dir='ltr'><strong>clausula,</strong></span> <span class='ocrx_word' id='word_1_135' title='bbox 1180 1961 1240 2010; x_wconf 89' lang='lat' dir='ltr'><strong>de</strong></span> <span class='ocrx_word' id='word_1_136' title='bbox 1275 1961 1538 2012; x_wconf 86' lang='lat' dir='ltr'><strong>resistendi</strong></span> <span class='ocrx_word' id='word_1_137' title='bbox 1580 1961 1849 2022; x_wconf 85' lang='lat' dir='ltr'><strong>facultate,</strong></span> 
     </span>
     <span class='ocr_line' id='line_1_24' title="bbox 432 2030 1198 2097; baseline 0.001 -19"><span class='ocrx_word' id='word_1_138' title='bbox 432 2047 561 2097; x_wconf 87' lang='lat' dir='ltr'><strong>quae</strong></span> <span class='ocrx_word' id='word_1_139' title='bbox 605 2034 747 2080; x_wconf 86' lang='grc'><strong>1687.</strong></span> <span class='ocrx_word' id='word_1_140' title='bbox 788 2037 836 2079; x_wconf 82' lang='grc'><strong>4.</strong></span> <span class='ocrx_word' id='word_1_141' title='bbox 879 2030 1066 2078; x_wconf 86' lang='lat' dir='ltr'><strong>abolita</strong></span> <span class='ocrx_word' id='word_1_142' title='bbox 1109 2040 1198 2079; x_wconf 88' lang='lat' dir='ltr'><strong>est.</strong></span> 
     </span>
    </p>

    <p class='ocr_par' dir='ltr' id='par_1_9' title="bbox 434 2098 1887 2234">
     <span class='ocr_line' id='line_1_25' title="bbox 568 2098 1887 2166; baseline 0.002 -20"><span class='ocrx_word' id='word_1_143' title='bbox 568 2104 669 2146; x_wconf 88' lang='grc'>2-0.</span> <span class='ocrx_word' id='word_1_144' title='bbox 716 2098 895 2165; x_wconf 81' lang='lat' dir='ltr'><strong>Operis</strong></span> <span class='ocrx_word' id='word_1_145' title='bbox 923 2099 1185 2164; x_wconf 85' lang='lat' dir='ltr'><strong>Tripartiti</strong></span> <span class='ocrx_word' id='word_1_146' title='bbox 1215 2099 1375 2146; x_wconf 88' lang='lat' dir='ltr'><strong>Partis</strong></span> <span class='ocrx_word' id='word_1_147' title='bbox 1395 2099 1435 2147; x_wconf 87' lang='lat' dir='ltr'><strong>I.</strong></span> <span class='ocrx_word' id='word_1_148' title='bbox 1467 2109 1523 2148; x_wconf 85' lang='lat' dir='ltr'><strong>tt.</strong></span> <span class='ocrx_word' id='word_1_149' title='bbox 1551 2103 1598 2148; x_wconf 87' lang='lat'><strong>9.</strong></span> <span class='ocrx_word' id='word_1_150' title='bbox 1628 2098 1732 2166; x_wconf 80' lang='lat' dir='ltr'><strong>quo</strong></span> <span class='ocrx_word' id='word_1_151' title='bbox 1747 2098 1847 2147; x_wconf 91' lang='lat' dir='ltr'><strong>No·</strong></span> <span class='ocrx_word' id='word_1_152' title='bbox 1885 2146 1887 2149; x_wconf 24' lang='lat'><em>⁴</em></span> 
     </span>
     <span class='ocr_line' id='line_1_26' title="bbox 434 2165 1692 2234; baseline 0 -19"><span class='ocrx_word' id='word_1_153' title='bbox 434 2165 616 2223; x_wconf 85' lang='lat' dir='ltr'><strong>bilium</strong></span> <span class='ocrx_word' id='word_1_154' title='bbox 653 2178 873 2233; x_wconf 84' lang='lat' dir='ltr'><strong>quatuor</strong></span> <span class='ocrx_word' id='word_1_155' title='bbox 910 2167 1287 2233; x_wconf 84' lang='lat' dir='ltr'><strong>praerogativae</strong></span> <span class='ocrx_word' id='word_1_156' title='bbox 1323 2169 1692 2234; x_wconf 80' lang='lat' dir='ltr'><strong>exprimuntur.</strong></span> 
     </span>
    </p>

    <p class='ocr_par' dir='ltr' id='par_1_10' title="bbox 436 2233 1849 2438">
     <span class='ocr_line' id='line_1_27' title="bbox 570 2233 1848 2303; baseline -0.002 -21"><span class='ocrx_word' id='word_1_157' title='bbox 570 2238 673 2284; x_wconf 89' lang='grc'><strong>3·0.</strong></span> <span class='ocrx_word' id='word_1_158' title='bbox 717 2234 878 2303; x_wconf 83' lang='lat' dir='ltr'><strong>Leges</strong></span> <span class='ocrx_word' id='word_1_159' title='bbox 943 2240 1086 2284; x_wconf 83' lang='grc'><strong>1741.</strong></span> <span class='ocrx_word' id='word_1_160' title='bbox 1126 2239 1168 2283; x_wconf 89' lang='grc'><strong>8.</strong></span> <span class='ocrx_word' id='word_1_161' title='bbox 1208 2240 1367 2285; x_wconf 71' lang='lat'><strong>²1723.</strong></span> <span class='ocrx_word' id='word_1_162' title='bbox 1418 2241 1463 2286; x_wconf 83' lang='lat'><strong>6.</strong></span> <span class='ocrx_word' id='word_1_163' title='bbox 1525 2240 1672 2285; x_wconf 88' lang='lat'>1805.</span> <span class='ocrx_word' id='word_1_164' title='bbox 1724 2239 1766 2282; x_wconf 88' lang='lat'><strong>1.</strong></span> <span class='ocrx_word' id='word_1_165' title='bbox 1810 2233 1848 2296; x_wconf 54' lang='grc' dir='ltr'><strong>ᾗ.</strong></span> 
     </span>
     <span class='ocr_line' id='line_1_28' title="bbox 436 2302 1849 2370; baseline -0.001 -17"><span class='ocrx_word' id='word_1_166' title='bbox 436 2309 511 2355; x_wconf 87' lang='grc'><strong>17.</strong></span> <span class='ocrx_word' id='word_1_167' title='bbox 549 2326 617 2339; x_wconf 77' lang='lat'><strong>--</strong></span> <span class='ocrx_word' id='word_1_168' title='bbox 654 2302 838 2370; x_wconf 87' lang='lat' dir='ltr'><strong>quibus</strong></span> <span class='ocrx_word' id='word_1_169' title='bbox 877 2302 1086 2352; x_wconf 89' lang='lat' dir='ltr'><strong>Nobiles</strong></span> <span class='ocrx_word' id='word_1_170' title='bbox 1128 2319 1155 2349; x_wconf 88' lang='lat' dir='ltr'><strong>a</strong></span> <span class='ocrx_word' id='word_1_171' title='bbox 1192 2303 1566 2353; x_wconf 87' lang='lat' dir='ltr'><strong>contributione</strong></span> <span class='ocrx_word' id='word_1_172' title='bbox 1591 2307 1640 2352; x_wconf 91' lang='lat' dir='ltr'><strong>in</strong></span> <span class='ocrx_word' id='word_1_173' title='bbox 1672 2319 1849 2370; x_wconf 88' lang='lat' dir='ltr'><strong>perpe·</strong></span> 
     </span>
     <span class='ocr_line' id='line_1_29' title="bbox 436 2371 1716 2438; baseline -0.002 -16"><span class='ocrx_word' id='word_1_174' title='bbox 436 2383 580 2422; x_wconf 86' lang='lat' dir='ltr'><strong>tuum</strong></span> <span class='ocrx_word' id='word_1_175' title='bbox 625 2371 770 2420; x_wconf 90' lang='lat' dir='ltr'><strong>liberi</strong></span> <span class='ocrx_word' id='word_1_176' title='bbox 800 2373 1216 2438; x_wconf 84' lang='lat' dir='ltr'><strong>pronunciantur.</strong></span> <span class='ocrx_word' id='word_1_177' title='bbox 1713 2407 1716 2410; x_wconf 83' lang='lat'><em>-</em></span> 
     </span>
    </p>

    <p class='ocr_par' dir='ltr' id='par_1_11' title="bbox 435 2438 1854 2764">
     <span class='ocr_line' id='line_1_30' title="bbox 579 2438 1852 2499; baseline -0.002 -10"><span class='ocrx_word' id='word_1_178' title='bbox 579 2446 681 2489; x_wconf 81' lang='grc'><strong>4-0.</strong></span> <span class='ocrx_word' id='word_1_179' title='bbox 721 2438 1093 2489; x_wconf 89' lang='lat' dir='ltr'><strong>Pacificationes</strong></span> <span class='ocrx_word' id='word_1_180' title='bbox 1125 2441 1421 2490; x_wconf 88' lang='lat' dir='ltr'><strong>Viennensis</strong></span> <span class='ocrx_word' id='word_1_181' title='bbox 1471 2451 1520 2490; x_wconf 88' lang='lat' dir='ltr'><strong>et</strong></span> <span class='ocrx_word' id='word_1_182' title='bbox 1563 2439 1852 2499; x_wconf 89' lang='lat' dir='ltr'><strong>Lincensis‚</strong></span> 
     </span>
     <span class='ocr_line' id='line_1_31' title="bbox 437 2506 1851 2578; baseline -0.003 -20"><span class='ocrx_word' id='word_1_183' title='bbox 437 2510 582 2578; x_wconf 89' lang='lat' dir='ltr'><strong>prior</strong></span> <span class='ocrx_word' id='word_1_184' title='bbox 621 2507 684 2557; x_wconf 84' lang='lat' dir='ltr'><strong>de</strong></span> <span class='ocrx_word' id='word_1_185' title='bbox 718 2526 849 2557; x_wconf 83' lang='lat' dir='ltr'><strong>anno</strong></span> <span class='ocrx_word' id='word_1_186' title='bbox 897 2511 1041 2557; x_wconf 83' lang='lat'>1606.</span> <span class='ocrx_word' id='word_1_187' title='bbox 1077 2536 1146 2545; x_wconf 92' lang='lat'>—</span> <span class='ocrx_word' id='word_1_188' title='bbox 1175 2510 1430 2575; x_wconf 88' lang='lat' dir='ltr'><strong>posterior</strong></span> <span class='ocrx_word' id='word_1_189' title='bbox 1463 2508 1524 2558; x_wconf 86' lang='lat' dir='ltr'><strong>de</strong></span> <span class='ocrx_word' id='word_1_190' title='bbox 1544 2527 1676 2558; x_wconf 78' lang='lat' dir='ltr'><strong>anno</strong></span> <span class='ocrx_word' id='word_1_191' title='bbox 1705 2506 1851 2558; x_wconf 74' lang='lat'>1640.</span> 
     </span>
     <span class='ocr_line' id='line_1_32' title="bbox 435 2579 1854 2644; baseline -0.001 -20"><span class='ocrx_word' id='word_1_192' title='bbox 435 2600 505 2616; x_wconf 83' lang='lat'><strong>--</strong></span> <span class='ocrx_word' id='word_1_193' title='bbox 550 2591 679 2644; x_wconf 88' lang='lat' dir='ltr'><strong>quae</strong></span> <span class='ocrx_word' id='word_1_194' title='bbox 723 2579 871 2623; x_wconf 88' lang='lat' dir='ltr'><strong>etiam</strong></span> <span class='ocrx_word' id='word_1_195' title='bbox 931 2580 1088 2625; x_wconf 86' lang='lat'>1608:</span> <span class='ocrx_word' id='word_1_196' title='bbox 1138 2588 1180 2629; x_wconf 85' lang='lat'><strong>1.</strong></span> <span class='ocrx_word' id='word_1_197' title='bbox 1254 2580 1410 2627; x_wconf 77' lang='lat'>1647:</span> <span class='ocrx_word' id='word_1_198' title='bbox 1457 2582 1503 2639; x_wconf 81' lang='lat'><strong>5,</strong></span> <span class='ocrx_word' id='word_1_199' title='bbox 1586 2587 1636 2626; x_wconf 87' lang='lat' dir='ltr'><strong>et</strong></span> <span class='ocrx_word' id='word_1_200' title='bbox 1696 2580 1854 2627; x_wconf 82' lang='lat'><strong>1791:</strong></span> 
     </span>
     <span class='ocr_line' id='line_1_33' title="bbox 437 2642 1850 2712; baseline -0.003 -16"><span class='ocrx_word' id='word_1_201' title='bbox 437 2652 517 2696; x_wconf 86' lang='grc'><strong>26.</strong></span> <span class='ocrx_word' id='word_1_202' title='bbox 589 2663 682 2712; x_wconf 87' lang='lat' dir='ltr'><strong>pro</strong></span> <span class='ocrx_word' id='word_1_203' title='bbox 740 2644 1197 2693; x_wconf 84' lang='lat' dir='ltr'><strong>fundamentalibus</strong></span> <span class='ocrx_word' id='word_1_204' title='bbox 1261 2644 1702 2696; x_wconf 86' lang='lat' dir='ltr'><strong>constitutionibus</strong></span> <span class='ocrx_word' id='word_1_205' title='bbox 1764 2642 1850 2692; x_wconf 81' lang='lat' dir='ltr'><strong>de·</strong></span> 
     </span>
     <span class='ocr_line' id='line_1_34' title="bbox 441 2716 823 2764; baseline -0.008 0"><span class='ocrx_word' id='word_1_206' title='bbox 441 2716 656 2764; x_wconf 86' lang='lat' dir='ltr'><strong>claratae</strong></span> <span class='ocrx_word' id='word_1_207' title='bbox 696 2723 823 2762; x_wconf 92' lang='lat' dir='ltr'><strong>sunt.</strong></span> 
     </span>
    </p>

    <p class='ocr_par' dir='ltr' id='par_1_12' title="bbox 449 2782 1857 2918">
     <span class='ocr_line' id='line_1_35' title="bbox 578 2782 1853 2850; baseline -0.002 -20"><span class='ocrx_word' id='word_1_208' title='bbox 578 2787 681 2832; x_wconf 90' lang='grc'><strong>5-0.</strong></span> <span class='ocrx_word' id='word_1_209' title='bbox 716 2782 873 2850; x_wconf 82' lang='lat' dir='ltr'><strong>Leges</strong></span> <span class='ocrx_word' id='word_1_210' title='bbox 908 2784 1062 2837; x_wconf 61' lang='lat'><strong>15127:</strong></span> <span class='ocrx_word' id='word_1_211' title='bbox 1091 2790 1131 2835; x_wconf 89' lang='lat'><strong>5.</strong></span> <span class='ocrx_word' id='word_1_212' title='bbox 1158 2810 1224 2821; x_wconf 91' lang='lat'>—</span> <span class='ocrx_word' id='word_1_213' title='bbox 1258 2784 1413 2832; x_wconf 79' lang='lat'>1687:</span> <span class='ocrx_word' id='word_1_214' title='bbox 1458 2785 1504 2830; x_wconf 82' lang='lat'><strong>2.</strong></span> <span class='ocrx_word' id='word_1_215' title='bbox 1533 2786 1577 2830; x_wconf 83' lang='lat'><strong>3.</strong></span> <span class='ocrx_word' id='word_1_216' title='bbox 1607 2807 1675 2818; x_wconf 88' lang='lat'>—</span> <span class='ocrx_word' id='word_1_217' title='bbox 1700 2790 1853 2848; x_wconf 84' lang='lat' dir='ltr'><strong>atque</strong></span> 
     </span>
     <span class='ocr_line' id='line_1_36' title="bbox 449 2849 1857 2918; baseline -0.004 -15"><span class='ocrx_word' id='word_1_218' title='bbox 449 2856 605 2903; x_wconf 78' lang='lat'><strong>1723:</strong></span> <span class='ocrx_word' id='word_1_219' title='bbox 646 2855 688 2900; x_wconf 89' lang='lat' dir='ltr'><strong>l.</strong></span> <span class='ocrx_word' id='word_1_220' title='bbox 725 2856 771 2902; x_wconf 84' lang='lat'><strong>2.</strong></span> <span class='ocrx_word' id='word_1_221' title='bbox 803 2853 1194 2901; x_wconf 87' lang='lat' dir='ltr'><strong>successsionem</strong></span> <span class='ocrx_word' id='word_1_222' title='bbox 1220 2849 1573 2901; x_wconf 84' lang='lat' dir='ltr'><strong>hereditariam</strong></span> <span class='ocrx_word' id='word_1_223' title='bbox 1597 2849 1857 2918; x_wconf 20' lang='lat' dir='ltr'><strong>*Augustae</strong></span> 
     </span>
    </p>
   </div>
  </div>
 </body>
</html>
