1897 3440
638 245 971 300 ...67-

244 378 300 435 Ϊη·
335 386 567 442 Πίοεοεεί,
592 388 776 454 Magno
795 413 809 422 ·
825 386 1150 436 Varadinensi
1181 390 1348 439 existit
1371 401 1527 455 aeque

108 464 266 506 unum
296 456 623 520 Gymnasium
656 457 706 503 in
738 452 944 521 Oppido
972 454 1218 519 Belenyes
1237 494 1250 517 ‚
1287 476 1378 524 per
1408 459 1526 525 Epi-

107 541 318 591 scopum
344 523 630 573 Samuelem
652 523 853 572 Vulkzin
884 540 1016 570 anno
1044 526 1191 572 1826.
1221 538 1445 575 erectum
1475 537 1526 574 et

98 593 396 652 fundatum,
435 603 585 658 atque
619 608 710 658 per
750 591 908 639 Suam
947 589 1260 656 Majestatem
1291 595 1527 642 ratihabi-

102 671 228 709 tum.
281 661 339 708 In
369 677 428 708 eo
460 670 653 725 septem
685 659 963 708 Cathedrae
993 658 1223 708 Scientiis
1253 660 1524 710 destinatae

102 741 218 777 sunt
234 765 247 789 ‚
271 727 358 776 sed
383 744 515 775 nunc
539 738 732 774 tantum
759 738 978 793 quatvor
1010 728 1386 778 Pr'ofessoribus
1409 748 1523 795 pro·

100 800 235 845 visae
282 798 526 857 existunt,
564 799 811 863 tantisper
846 813 1057 861 nempe,
1093 795 1252 846 donee
1303 800 1524 864 amplior

102 865 317 923 funduS,
351 881 414 910 ex
457 881 561 930 quo
589 874 782 922 ceterae
830 881 1038 930 quoque
1083 864 1358 913 Cathedrae
1404 884 1522 932 pro-

96 933 254 980 videri
304 931 573 993 valebunt,
623 932 829 981 conflari
880 935 1116 998 potuerit.
1201 934 1428 982 Habetur
1471 936 1521 980 in

98 1001 191 1050 hac
232 1001 456 1048 Dioecesi
497 1002 547 1046 in
594 1000 797 1066 Oppido
854 1000 1241 1049 Varad-Olaszi
1294 1002 1519 1050 Semina-

94 1071 239 1135 rium!¹
273 1085 478 1134 quoque
518 1085 612 1132 pro
657 1067 868 1115 seculari
910 1069 1181 1115 Juventute
1225 1070 1519 1131 Valachica,

95 1155 192 1205 pro
223 1141 289 1184 26
316 1133 755 1195 Adolescentibus,
791 1153 882 1200 per
909 1133 1064 1183 Suam
1091 1134 1403 1202 Majestatem
1431 1137 1515 1184 Sa-

95 1206 451 1261 cratissimam,
495 1203 662 1251 medio
693 1203 748 1251 Β.
781 1204 1125 1252 Resolutionis
1172 1203 1295 1252 ddto
1340 1209 1519 1254 2lmae

92 1274 240 1321 Febr.
274 1275 420 1322 1792.
450 1270 638 1332 editae,
674 1271 960 1321 fundatum.
1019 1272 1118 1320 Pro
1151 1281 1319 1320 cetero
1364 1274 1519 1322 Clero

90 1341 300 1390 Juniore
332 1341 586 1388 Dioecesis
610 1340 734 1388 haec
774 1339 1054 1389 Seminario'
1084 1340 1315 1389 distincto
1353 1346 1516 1404 caret,

91 1410 178 1458 sed
207 1410 385 1458 Clerus
412 1407 491 1455 hic
515 1409 567 1455 in
591 1409 700 1456 aliis
719 1408 1009 1458 Seminariis
1025 1410 1294 1470 educatur,
1320 1410 1516 1475 signan-

90 1489 170 1526 ter
197 1480 246 1525 in
283 1476 843 1542 Magno-Varadinensi
877 1477 1163 1543 Episcopali
1195 1477 1392 1537 Lycaeo
1421 1480 1515 1525 La-

88 1549 213 1595 tini·
232 1547 377 1594 Ritus
408 1563 542 1594 nunc
577 1544 724 1593 habet
771 1550 854 1606 13,
891 1549 942 1592 in
972 1545 1204 1593 Generali
1232 1545 1514 1597 Seminario

87 1615 330 1664 Pestiensi
362 1619 420 1673 2,
456 1619 508 1664 in
537 1615 694 1680 Regio
719 1614 966 1662 Convictu
992 1614 1274 1662 >Viennensi
1298 1618 1358 1674 3,
1385 1616 1513 1680 Tyr-

91 1685 268 1731 naviae
311 1687 374 1741 2,
414 1682 628 1748 denique
670 1684 719 1728 in
763 1683 1045 1731 Seminario
1094 1683 1422 1748 Ungvariensi
1462 1691 1509 1733 8.

90 1751 396 1817 Theologiae
425 1753 704 1800 Auditores.
743 1751 1058 1799 Directorem
1089 1751 1388 1800 Scholarum
1411 1752 1512 1800 Na·

90 1820 357 1868 tionalium
382 1819 531 1886 hujus
565 1821 817 1868 Dioeeesis
844 1833 1003 1885 aeque
1035 1820 1136 1868 Sua
1164 1814 1401 1883 Majestas
1427 1820 1508 1868 de-

90 1891 331 1938 nominat.

225 1949 283 2005 In
336 1957 562 2006 Dioecesi
618 1954 952 2021 Eperjesiensi
1007 1955 1187 2004 adsunt
1231 1956 1507 2005 nonnullae

88 2025 302 2076 Scholae
343 2027 595 2084 minore8‚
649 2023 854 2073 Clerum
897 2041 1019 2073 vero
1062 2040 1210 2071 suum
1243 2023 1504 2074 Juniorem

88 2112 246 2160 aeque
270 2096 321 2142 in
345 2094 456 2142 aliis
485 2091 775 2141 Seminariis
801 2092 994 2141 educat.

58 2246 61 2249 .
86 2210 136 2270 ⁶]
162 2211 209 2255 In
240 2215 384 2264 specie
418 2226 525 2254 nunc
553 2215 597 2251 in
627 2212 843 2255 caesareo
872 2209 1005 2260 Regio
1036 2209 1266 2253 Viennensi
1292 2209 1498 2251 Comicru

142 2275 243 2310 sunt
272 2272 312 2311 3.
342 2269 391 2311 In
419 2268 628 2322 Generali'
654 2268 894 2321 seminario
930 2267 1140 2307 Pentiensi
1178 2270 1217 2306 2.
1262 2266 1310 2307 In
1350 2266 1500 2308 Archi-

137 2324 385 2378 Episcopali
404 2324 658 2380 {Seminario
683 2323 957 2366 Titnaviensi
989 2327 1052 2365 15-
1083 2322 1270 2364 Alumni·

704 2452 744 2516 ᾗ.
784 2456 863 2501 84.

165 2579 223 2635 G.
271 2576 510 2634 Sclcolae
533 2573 945 2633 Graeci-Ritus
967 2575 1416 2629 Non—unitorum.

206 2709 453 2766 Ecclesiae
480 2707 824 2757 Graeci-Ritus
839 2705 1237 2755 Non-unitorum
1253 2699 1498 2759 Asseclae,

88 2789 284 2845 praeter
316 2779 561 2846 plurimas
603 2776 809 2826 scholas
854 2772 1140 2824 Nationales
1179 2773 1336 2835 (cirea
1361 2770 1497 2831 550.)

87 2857 236 2912 atque
265 2846 478 2898 Seholas
512 2843 920 2895 Grammaticales
950 2840 1319 2928 [Temesvarini
1338 2874 1351 2899 ,
1383 2838 1496 2886 Mis-

926 2917 952 2960 5
