1964 3440
902 217 1274 265 *142—

381 353 599 419 Regiae,
628 361 714 401 aut
746 353 1020 420 perniciem
1043 356 1243 423 patriae.
1264 352 1502 416 intendit,
1545 364 1695 422 atque
1726 372 1800 414 see

379 422 596 470 ditiones
639 440 755 471 cum
806 423 1192 489 perturbatione
1230 422 1434 490 publica
1462 426 1679 485 excitat„
1704 424 1798 474 .v.el

375 491 553 537 saltem
576 488 692 539 haec
731 508 983 556 persuam
1009 494 1382 542 conniventiam
1406 493 1561 553 fovet,
1583 495 1801 541 Crimen

381 559 597 607 Laesae
648 560 1002 624 ΜαῘεείαιίε,
1067 565 1170 610 sive
1220 562 1436 612 Crimen
1478 561 1809 614 Perduettio·

388 630 498 688 nis,
536 629 821 679 committit.
857 628 1099 678 Laeditur
1128 648 1249 680 vero
1276 633 1412 698 regia
1442 648 1674 697 persona,
1699 633 1804 679 vio·

382 697 520 746 lenta
557 698 607 744 in
632 713 742 744 eam
769 712 1014 744 manuum
1052 696 1348 764 injectione,
1373 699 1482 766 ejus
1513 700 1805 767 captivatio-

375 783 468 825 ne,
500 775 584 812 aut
613 764 674 812 ad
710 763 950 826 domum,
995 768 1170 833 in-qua
1198 779 1577 826 commoratur,
1603 769 1799 817 violen-

378 846 426 883 ta
475 834 757 882 invasione:
801 835 936 884 Part.
983 835 1023 885 I.
1068 846 1129 884 tt.
1178 840 1253 887 lli.
1288 860 1355 872 -—
1398 835 1638 885 Laeditur
1680 837 1801 883 item

379 902 754 967 conspiratione
784 901 1023 952 adversus
1053 904 1242 971 Regem
1269 905 1537 966 intentata,
1574 906 1654 952 vel
1679 921 1798 954 con·

376 987 524 1019 sensu
575 971 725 1019 etiam
765 973 1126 1039 conspirationi
1160 973 1405 1040 praebito.
1451 973 1504 1023 S.
1526 971 1706 1038 vSteph.
1742 972 1801 1019 L.

373 1038 454 1088 II:
479 1056 519 1086 c.
544 1041 590 1086 6.
631 1043 786 1088 1715:
813 1045 857 1088 7.
894 1042 1143 1090 Pernicies
1173 1044 1361 1108 prtriae
1392 1042 1610 1090 infertur
1630 1077 1643 1100 ,
1678 1038 1801 1089 dum

374 1126 485 1157 eam
515 1110 627 1173 quis
652 1107 881 1156 hostibus
907 1109 1108 1176 prodit,
1132 1110 1214 1159 vel
1248 1109 1357 1177 ejus
1385 1111 1806 1160 constitutionem

375 1178 575 1226 evertit.
610 1176 892 1228 Seditiones
925 1196 1046 1227 vero
1073 1197 1189 1227 cum
1220 1179 1601 1246 perturbatione
1639 1176 1802 1244 publi-

377 1261 434 1294 ca
468 1247 654 1293 excitat
682 1245 798 1307 ille,
836 1248 924 1312 qui
954 1262 1094 1296 arma
1131 1245 1211 1295 vel
1245 1248 1458 1296 militem
1483 1257 1658 1296 contra
1682 1246 1806 1313 iegi-

375 1315 558 1363 timum
608 1314 896 1383 Principem
930 1352 944 1377 ,
1000 1315 1081 1365 vel
1126 1315 1376 1376 Patriam,
1429 1316 1627 1381 colligit
1655 1347 1673 1373 .,
1719 1315 1801 1363 vel

377 1382 531 1432 etiam
566 1382 746 1431 foedus
775 1403 892 1433 cum
921 1386 1141 1434 externis
1189 1384 1418 1434 hostibus
1447 1384 1557 1432 init.

513 1454 686 1501 Fiscus
713 1454 899 1518 Regius
929 1455 975 1500 vi
1017 1452 1170 1503 officii
1200 1455 1275 1502 sui
1308 1469 1690 1520 quemcunque,
1720 1447 1797 1500 'de
1830 1500 1835 1505 .

377 1522 604 1570 Crimine
654 1520 836 1569 Laesae
878 1520 1156 1590 Majestatis
1180 1532 1496 1583 accusatum,
1533 1523 1615 1570 vel
1651 1523 1802 1569 etiam

376 1592 597 1656 graviter
621 1600 939 1655 suspectum,
988 1592 1157 1640 statim
1195 1591 1495 1657 incaptivari
1524 1600 1698 1644 curat,
1748 1607 1804 1638 ac

379 1659 583 1710 demum
610 1675 673 1707 ex
701 1658 913 1708 vinculis
938 1660 1069 1709 citat.
1106 1660 1304 1709 Nomen
1332 1657 1601 1719 delatoris,
1634 1659 1806 1706 Fiscus

376 1730 557 1798 Regius
616 1729 889 1795 requisitus
950 1729 1199 1795 pandere,
1261 1730 1394 1788 imo,
1460 1738 1518 1775 ut
1565 1726 1800 1777 nonnulli

375 1799 579 1866 (Kovy)
616 1797 980 1865 praetendunt,
1019 1799 1169 1846 etiam
1208 1798 1391 1846 actioni
1430 1798 1647 1845 inserere
1676 1794 1804 1844 obli-

377 1878 536 1936 gatur.
576 1869 717 1916 Bona
743 1867 1109 1915 Perduellionis
1145 1868 1310 1915 statim
1342 1864 1708 1930 confiscantur,
1753 1872 1805 1917 et

379 1954 538 2003 usque
562 1937 754 1985 exitum
779 1936 880 1983 litis
917 1938 968 1984 in
1005 1945 1297 2004 sequestro,
1339 1935 1433 1983 sub
1461 1951 1615 1983 onere
1651 1933 1803 1980 ratio·

378 2023 500 2055 num
534 2003 935 2067 reddendarum,
973 2015 1353 2054 conservantur·
1407 2008 1559 2052 1715:
1595 2009 1643 2052 7.
1678 2002 1803 2048 Cau·

379 2093 462 2123 sae
491 2072 656 2122 Judex
689 2082 829 2120 antea
858 2073 1112 2121 Palatinus
1141 2072 1221 2120 vel
1250 2074 1361 2120 Rex
1385 2072 1483 2119 fuit
1503 2108 1516 2130 ,
1539 2088 1671 2118 nunc
1699 2068 1804 2115 Inc.

379 2141 572 2192 Tabula
611 2143 763 2207 Regia
803 2139 1072 2188 Judiciaria
1102 2151 1178 2188 est
1204 2178 1217 2201 ‚
1257 2140 1391 2188 salva
1438 2138 1707 2206 Appellata
1746 2132 1808 2182 ad

381 2214 503 2262 Exc.
550 2210 797 2260 Tabulam
843 2209 1304 2277 Septemviralem;
1358 2218 1411 2257 et
1437 2208 1665 2256 Recursu
1705 2222 1802 2272 pro

381 2283 538 2347 gratia
572 2279 634 2327 ad
663 2278 903 2326 thronum
929 2280 1137 2345 regium.
1166 2278 1299 2326 Part.
1331 2279 1382 2326 I:
1410 2280 1492 2327 20.
1532 2279 1690 2324 1790:
1724 2273 1804 2321 56'.

382 2350 657 2399 Convictus
686 2347 747 2395 de
785 2348 993 2395 crimine
1023 2347 1203 2395 amittit
1234 2356 1412 2412 caput,
1449 2347 1567 2393 item
1600 2345 1800 2391 univer·

383 2415 435 2467 sa
465 2417 614 2478 bona,
633 2416 691 2464 ad
719 2425 877 2464 ratam
900 2415 1253 2482 delinquentis,
1274 2415 1510 2463 cedentia.
1544 2415 1699 2462 1790:
1723 2415 1799 2461 56.
1852 2427 1855 2430 ’

518 2487 661 2535 Circa
701 2502 906 2534 enorme
947 2485 1136 2533 crimen
1178 2484 1336 2532 isthoc
1370 2482 1497 2531 illud
1527 2481 1685 2530 adhuc
1710 2498 1800 2528 no·

385 2565 492 2604 tatu
526 2554 733 2620 dignum
753 2554 999 2612 occurrit,
1034 2551 1173 2618 quod
1198 2555 1245 2599 in
1274 2551 1367 2601 hoc
1396 2553 1502 2616 ipsa
1526 2552 1672 2598 etiam
1689 2565 1802 2614 pra·

381 2643 444 2674 va
465 2624 675 2673 intentio
695 2660 708 2683 ‚
740 2625 890 2671 etiam
910 2624 947 2668 si
964 2622 1141 2670 effectu
1173 2620 1484 2679 destituatur,
1506 2619 1648 2685 legali
1681 2634 1797 2683 poe-

385 2713 448 2742 na
485 2692 746 2742 afficiatur.
790 2690 937 2749 Quod
968 2707 1118 2756 penes
1153 2691 1358 2755 gratiam
1401 2690 1532 2736 vitae
1566 2697 1615 2735 et
1645 2685 1801 2733 bono-

383 2783 496 2812 rum
518 2766 894 2829 impetrantem,
915 2757 1054 2806 filum
1081 2759 1402 2807 successionis
1431 2767 1694 2822 rumpatur
1712 2792 1722 2807 ,
1746 2754 1795 2802 id

381 2845 476 2894 est,
506 2833 647 2882 liberi
676 2840 788 2878 ante
810 2829 1130 2877 commissum
1147 2828 1334 2874 crimen
1353 2825 1469 2885 nati,
1486 2843 1626 2876 sensu
1648 2829 1774 2876 1715
1802 2842 1811 2867 z
