1964 3440
958 246 1262 285 μα...

408 381 662 433 culiariter
702 389 754 427 et
787 377 992 428 uberius
1027 376 1258 427 definitae
1301 375 1529 425 fuerunt.-
1567 375 1623 423 In
1670 375 1832 441 specie

409 468 530 498 vero
566 450 676 498 Rex
699 447 988 515 Hungariae
1017 446 1218 513 Populo
1250 455 1406 494 semet
1443 444 1712 512 obstringit
1743 441 1830 490 du·

409 519 527 585 plici
568 516 750 568 modo:

556 598 651 638 1·o.
715 583 1054 644 Natz'vz'tate,
1118 601 1218 650 qua
1275 579 1642 648 primogenitus
1696 579 1824 645 regi-

403 673 462 704 us
500 655 767 720 Princeps,
824 656 940 703 Rem
975 654 1289 715 flung-ariae
1335 650 1556 697 nascitur
1581 684 1598 710 ,
1651 659 1699 696 et
1766 664 1827 694 eo

407 726 520 791 ipso
558 733 859 789 potestatem
899 733 948 771 et
974 721 1085 790 jura
1133 722 1268 786 regia
1299 717 1552 768 hereditat:
1582 720 1741 770 ¹723:
1777 720 1836 776 23

406 791 493 842 sed
530 790 678 840 simul
725 789 843 851 illa,
897 807 1027 858 quae
1064 788 1126 838 ad
1167 787 1455 855 publicam,
1507 786 1827 835 constitutio-

405 862 558 927 nique
600 856 920 907 conformem
960 858 1120 924 Regni
1161 855 1646 904 administrationem
1683 851 1838 920 perti·

405 933 561 987 nent,
619 928 750 974 intra
799 934 1000 991 tempus
1055 925 1397 973 coronationis
1457 938 1664 991 quoque
1702 920 1837 970 salva

410 1007 578 1044 tenere
604 992 871 1056 obligatur.
921 996 1076 1040 1791:
1110 997 1153 1040 3.
1191 994 1353 1038 1⁷92:
1385 995 1431 1036 2.
1468 1019 1537 1029 --
1635 995 1640 999 '

539 1069 641 1112 2,.0.
704 1061 1077 1108 Coronatz‘one
1105 1093 1120 1119 ,
1171 1059 1364 1123 quippe
1411 1057 1551 1122 quod
1594 1057 1829 1107 selemni-

404 1133 518 1182 tatis
562 1128 954 1181 coronationalis
1001 1125 1130 1176 illud
1185 1127 1247 1173 sit
1288 1127 1619 1192 praecipuum
1662 1126 1828 1190 requi·

405 1203 581 1259 situm,
639 1208 697 1254 ut
740 1197 853 1244 Rex
900 1205 1059 1243 semet
1104 1195 1390 1261 juramento
1435 1193 1659 1260 obliget,
1697 1192 1837 1259 quod

407 1278 614 1316 cunctas
663 1266 842 1331 Regni.
877 1259 1163 1324 libertates,
1217 1263 1632 1322 constitutiones,
1689 1262 1840 1327 privi-

408 1336 533 1402 legia
553 1373 565 1396 ‚
606 1334 716 1402 jura
745 1343 796 1381 et
825 1331 1166 1380 immunitates
1209 1349 1235 1377 a
1275 1332 1415 1378 Divis
1440 1329 1661 1397 Regibus
1692 1330 1831 1377 Hun-

404 1406 568 1471 gariae
614 1403 816 1452 Nationi
861 1417 1152 1459 concessas,
1207 1396 1258 1447 in
1302 1417 1392 1447 suo
1446 1400 1619 1464 vigore
1665 1409 1716 1446 et
1763 1398 1837 1445 in·

407 1474 635 1539 tegritate
665 1471 1017 1528 conservabit,
1055 1479 1105 1517 et
1140 1469 1426 1517 conservari
1464 1466 1631 1516 faciet.
1674 1470 1834 1516 1687:

406 1547 454 1591 2.
499 1568 566 1576 —-
608 1541 775 1597 Quare
818 1549 1061 1587 statutum
1107 1547 1205 1585 est:
1765 1555 1767 1557 ’
1805 1550 1807 1553 ·

612 1607 691 1673 a.)
756 1608 827 1654 Ut
861 1608 1033 1657 Status
1080 1616 1130 1654 et
1168 1605 1276 1653 OO.
1323 1604 1483 1671 Regni
1520 1603 1824 1653 *diaetaliter

402 1678 689 1745 congregati
740 1673 1185 1725 neo-coronando
1246 1674 1371 1740 Regi
1409 1678 1611 1739 semper
1648 1673 1830 1738 Diplo-

404 1766 479 1794 ma
500 1745 802 1812 Inaugurale
826 1755 945 1794 ante
970 1744 1350 1794 coronationem
1372 1740 1659 1790 exhibeant.
1680 1745 1828 1790 1687:

406 1821 453 1865 2.
498 1819 653 1866 1715:
698 1821 740 1863 Ι.

606 1882 677 1944 b.)
720 1884 785 1931 Ut
831 1883 1093 1931 eveniente
1138 1879 1332 1947 singula
1363 1878 1621 1946 regiminis
1661 1886 1819 1925 muta·

401 1953 561 2007 tione,
599 1952 874 1999 Coronatio
925 1950 1137 1998 Heredis
1172 1950 1363 2015 Regni,
1400 1949 1537 1996 intra
1567 1964 1653 1995 sex
1690 1963 1823 1992 men·
1858 1951 1861 1955 '

402 2037 478 2074 ses
523 2018 802 2066 diaetaliter
848 2020 978 2066 intra
1028 2020 1260 2085 Regnum
1305 2019 1614 2077 instituatur.
1667 2019 1826 2064 1791:

400 2092 445 2137 3.
487 2090 643 2136 1687;
674 2091 722 2136 2.
751 2092 796 2135 3.
850 2091 1006 2136 1723:
1045 2090 1091 2134 3.
1146 2091 1299 2138 1741:
1330 2094 1374 2135 11.
1421 2090 1568 2136 1792:
1603 2090 1647 2132 2.
1714 2082 1715 2085 ’

603 2156 676 2218 c.)
744 2156 811 2203 Ut
845 2164 1064 2221 potestas
1094 2165 1145 2202 et
1172 2152 1282 2220 jus,
1324 2153 1454 2202 bona
1487 2163 1536 2200 et
1565 2150 1674 2219 jura
1710 2168 1828 2217 pos-

400 2224 723 2283 sessionaria‚
769 2242 825 2272 ac
888 2222 1144 2290 quaelibet
1203 2222 1463 2289 privilegia
1501 2218 1825 2278 conferendi,

404 2293 605 2341 nonnisi
665 2291 889 2358 legitime
954 2303 1198 2341 coronato
1271 2292 1490 2357 Principi
1559 2297 1827 2355 competat.

397 2361 637 2413 Praecz't.
675 2361 840 2423 Leges
871 2368 926 2408 et
963 2360 1119 2408 Part.
1158 2359 1200 2406 Ι.
1233 2367 1297 2410 tt.
1341 2366 1386 2408 4.
1414 2386 1482 2403 -ι-
1741 2415 1746 2418 ,

540 2429 769 2496 Populus
809 2429 1126 2494 Hungaricus
1162 2445 1287 2477 vero
1323 2428 1447 2494 Regi
1478 2425 1830 2493 obstringitur:

401 2496 581 2546 debitis
616 2497 914 2564 homagialis
946 2494 1061 2544 fidei
1095 2495 1518 2561 obligationibus,
1558 2513 1681 2562 quas
1709 2512 1826 2560 erga

400 2565 682 2632 legitimum
729 2567 959 2620 Coronae
1000 2563 1253 2613 Heredem
1295 2574 1345 2614 et
1392 2566 1584 2631 Regem
1625 2579 1826 2630 semper

397 2634 602 2701 explere
639 2643 858 2684 tenetur:
894 2633 1037 2681 Ferd.
1078 2633 1118 2681 I.
1171 2633 1233 2680 D.
1274 2634 1388 2681 XII.
1437 2639 1479 2693 1.
1516 2632 1646 2680 Part.
1686 2631 1725 2679 I.
1765 2640 1824 2680 tt.

398 2707 480 2753 12.
562 2708 716 2753 1687:
777 2707 831 2762 2„
912 2705 1073 2750 1791:
1140 2705 1188 2749 3.
1263 2734 1327 2746 -.
1402 2700 1510 2750 Sub
1584 2698 1821 2747 Ladislao

397 2770 666 2820 Postbumo
709 2769 1000 2836 homagialis
1036 2768 1157 2818 fides
1194 2772 1344 2818 etiam
1378 2769 1664 2835 juramento
1705 2785 1822 2817 con·

392 2839 584 2896 firmata
621 2839 743 2888 suit:
786 2844 937 2893 1453:
968 2843 1011 2891 2.
1046 2865 1110 2875 --
1147 2839 1314 2891 Status
1350 2849 1396 2887 et
1434 2836 1545 2886 00.
1577 2836 1735 2905 Regni
1767 2837 1815 2887 in
