1897 3440
705 237 1039 284 -35-

169 383 356 434 ponere
383 378 768 424 consveverunt,
805 365 1083 415 dIaetaliter
1111 369 1456 420 assummenda
1489 388 1568 420 ve·

167 437 303 494 nire,
341 446 475 501 patet
499 433 600 498 jam
625 452 685 481 ex
708 437 817 500 ipso
851 444 1024 499 pacto,
1053 453 1167 483 curn
1197 439 1398 503 Arpade
1428 442 1569 496 inito,

163 501 347 567 (Cond.
369 504 443 568 3.)
479 513 629 567 atque
654 519 716 548 ex
755 521 902 553 sensu
932 512 980 550 et
1013 521 1105 550 usu
1133 504 1248 552 inde
1272 523 1301 552 a
1327 510 1564 574 tempori·

162 571 257 620 bus
293 571 667 637 Proto-Regis,
693 570 755 618 ad
804 581 974 620 nostra
1001 589 1160 637 usque
1195 583 1450 638 tempora,
1479 593 1569 641 per

160 639 330 687 omnia
355 640 566 688 Decreta
590 642 786 704 Regum
809 639 935 688 edita
952 676 964 699 ,
1004 641 1213 706 vigente.
1234 666 1300 676 —-
1331 643 1397 689 Ut
1428 660 1566 707 prae·

163 708 317 755 sentia
370 709 667 754 Gravamina
713 707 763 754 in
820 706 1010 773 singula
1075 709 1241 756 Diaeta
1293 710 1567 765 tollantur,

160 776 448 822 enascituris
478 774 862 823 Gravaminibus
893 793 1009 823 vero
1039 775 1270 842 deinceps
1290 794 1488 843 semper
1519 780 1569 824 in

157 841 331 890 Diaeta
373 843 502 890 intra
546 844 813 890 triennium
850 842 1173 902 celebranda,
1222 844 1414 894 medela
1441 845 1564 894 fera·

160 918 258 969 tur,
277 912 510 958 statuitur
534 916 671 962 1622:
701 916 748 959 2.
784 916 925 960 1630:
945 917 1024 962 25.
1060 916 1201 964 1659:
1241 921 1279 962 1.
1316 917 1461 962 1790:
1494 918 1569 966 13.

296 978 600 1026 Observasse
644 976 835 1042 juvabit
889 982 1039 1026 etiam
1086 980 1197 1028 illas
1235 982 1420 1046 Leges,
1458 983 1565 1048 qui·

157 1043 250 1092 bus
293 1046 675 1093 Gravaminibus
717 1044 1002 1091 enascendis
1043 1046 1306 1108 obviatur,
1348 1059 1397 1096 et
1441 1066 1569 1115 quae

156 1113 473 1178 potissimum
510 1111 604 1159 huc
635 1110 868 1158 redeunt:

226 1196 231 1198 ’
295 1185 336 1229 1.
394 1180 469 1228 Ne
507 1196 585 1227 res
625 1189 674 1227 et
710 1181 907 1244 negotia
955 1181 1236 1247 Hungarica
1274 1198 1365 1248 per
1410 1181 1566 1243 alios,

153 1262 305 1313 quam
335 1266 426 1314 per
446 1247 738 1314 Hungaros,
773 1257 1049 1297 tractentur
1085 1255 1224 1300 1659:
1262 1257 1304 1300 l.
1333 1252 1490 1301 Cond.
1520 1259 1566 1303 3.

284 1319 332 1364 2.
369 1316 444 1364 Ne
472 1316 638 1365 officia
668 1316 791 1375 aliis,
823 1334 974 1381 quam
1004 1319 1255 1385 Hungaris
1281 1329 1330 1366 et
1361 1320 1566 1385 quidem

153 1383 259 1432 nine
287 1383 572 1432 discrimine
598 1384 934 1448 Religionum,
962 1387 1310 1443 conferantur,
1339 1393 1480 1438 1659:
1516 1401 1558 1440 ι.

289 1459 334 1503 3.
370 1453 443 1501 Ne
481 1454 593 1518 quis
631 1453 680 1499 in
707 1451 867 1499 libero
898 1453 1172 1519 Religionis
1203 1473 1311 1513 usu,
1338 1474 1395 1505 ac
1421 1474 1567 1505 exer·

148 1520 265 1570 citio
287 1541 314 1569 a
343 1521 491 1586 Rege,
520 1519 600 1567 vel
628 1520 737 1567 aliis
766 1520 1024 1585 quibusvis
1063 1522 1307 1571 turbetur.
1346 1529 1494 1578 16592.
1518 1538 1560 1576 1.

282 1594 332 1637 4.
384 1590 459 1637 Ne
500 1587 696 1638 Judicia
725 1599 775 1636 et
819 1589 1153 1638 Executiones
1182 1591 1430 1656 legitimae
1456 1603 1556 1641 tur-

149 1655 358 1705 bentur:
414 1661 564 1709 1471:
601 1661 679 1708 12.
720 1660 857 1704 1566:
893 1661 973 1704 25.
1011 1662 1152 1710 1613:
1185 1663 1263 1708 34.

154 1772 163 1780 A
285 1730 328 1772 5.
382 1725 457 1773 Ne
487 1726 684 1774 Corona
713 1724 804 1772 sub
831 1744 1136 1792 quocunque
1171 1739 1436 1791 praetextu
1464 1729 1557 1778 Re-

151 1808 250 1860 gno
282 1792 545 1851 efleratur,
573 1794 850 1846 etaufferri
881 1796 1111 1860 patiatur.
1151 1799 1289 1844 1639:
1332 1808 1373 1847 1.

283 1865 343 1910 6.·
370 1862 448 1909 Ne
474 1878 560 1907 sua
589 1860 1016 1925 Maiestasintuitu
1051 1863 1331 1929 Hungariae
1361 1863 1555 1912 bellum

143 1939 366 1987 moveat,
397 1929 472 1976 vel
505 1929 713 1977 militem
741 1940 1032 1978 extraneum
1063 1930 1279 1982 inducat.
1322 1936 1460 1983 1608:
1500 1937 1551 1984 2.

279 2003 327 2046 7.
375 1998 449 2047 Ne
478 1998 586 2045 Rex
617 2000 697 2044 uni
729 1997 971 2045 Personae
1000 1998 1145 2063 plura
1182 1998 1425 2048 Beneficia
1459 2001 1551 2048 Ec·

144 2065 418 2116 clesiastica
441 2065 684 2113 conferat.
717 2065 863 2113 Ulad.
899 2066 959 2115 D.
992 2067 1082 2113 ΙΙΙ.
1117 2070 1196 2119 56.
1226 2072 1368 2117 1723:
1405 2074 1483 2117 55.

280 2138 325 2182 8.
378 2134 453 2182 Ne
486 2134 590 2180 Rex
633 2132 896 2200 Collegiis,
921 2135 1242 2188 Civitatibus,
1269 2138 1345 2183 vel
1380 2138 1551 2184 Mona-

139 2203 300 2250 steriis
339 2201 696 2251 Ecclesiasticis
733 2201 863 2250 bona
910 2202 1153 2253 conferat.
1190 2204 1331 2252 Ulad.
1367 2204 1425 2251 D.
1454 2205 1546 2250 Ill.

145 2275 224 2319 55.
268 2275 416 2322 1715:
451 2273 529 2317 71.
977 2267 982 2271 ”

283 2343 328 2386 9.
385 2340 455 2387 Ne
492 2355 554 2384 ex
583 2336 889 2386 Cancellaria
920 2338 1073 2404 Regia
1104 2338 1351 2397 Mandata,
1381 2342 1549 2387 Paten-

148 2407 297 2465 tales‚
350 2406 724 2465 Resolutiones,
769 2407 999 2454 Intimata
1040 2407 1256 2474 Legibus
1286 2410 1549 2463 contraria,

146 2475 495 2541 expediantur.
544 2479 684 2523 1543:
721 2482 801 2529 51.
853 2478 1002 2522 1790:
1040 2481 1115 2524 12.

137 2592 140 2595 ,
286 2546 366 2594 10.
393 2544 485 2608 ,Ne
528 2543 782 2609 Hungaria
823 2543 884 2590 ad
915 2545 1157 2591 Not-mam
1189 2541 1398 2591 aliarum
1432 2545 1546 2592 Pro-

147 2612 421 2661 vinciarum
450 2621 649 2675 regatur
674 2624 723 2658 et
751 2612 1072 2678 gubernetnr.
1106 2615 1247 2659 1790:
1282 2616 1355 2660 12.

286 2684 363 2728 ll.
401 2679 476 2727 Ne
505 2678 837 2728 dimensiones
882 2681 1151 2727 Terrarum
1184 2687 1234 2727 et
1261 2690 1544 2728 tenuiorum

143 2749 191 2795 in
233 2747 458 2796 futurum
490 2746 827 2797 admittantur.
867 2752 1018 2797 1790:
1049 2753 1130 2796 34.

1230 2886 1259 2931 3
1285 2882 1305 2900 3-

1111 2936 1139 2948 t..
