1964 3440
928 226 1292 272 *lam-

603 361 646 406 8.
705 356 1074 420 „Turbatores
1117 366 1251 411 item
1280 397 1295 423 ,
1323 363 1658 419 «Πετεητονεε
1686 402 1700 426 ,
1745 382 1816 416 ae

398 422 721 488 spoliatores
743 429 991 491 illorum,
1027 433 1121 496 qui
1153 433 1349 480 Sectae
1375 449 1566 481 eorum
1586 432 1821 484 damna·

396 505 493 541 tae
521 499 893 558 renunciates,
933 517 1011 547 esc
1057 502 1252 550 Tureia
1293 499 1370 549 ad
1396 502 1543 551 istud
1567 505 1816 570 Regnum

401 573 457 609 et
507 566 700 613 Partes
744 563 929 614 eidem
973 567 1230 619 adnexas
1286 573 1608 636 confugiunt
1636 608 1650 634 ‚
1704 590 1821 622 mo-

395 638 627 682 raturi-‘⁶
664 660 728 671 —

539 767 543 769 Α
599 709 647 752 9.
694 704 1208 766 ,‚Tricesimatores,
1252 717 1305 754 et
1333 709 1459 771 alii,
1494 712 1549 759 in
1577 708 1822 763 *diminu-

393 771 602 820 tionem
644 771 943 837 Regiorum
983 786 1354 838 proventuum
1391 784 1443 825 in
1481 776 1825 827 extrahendo

392 858 530 888 auro
575 851 628 888 et
660 853 885 907 argento
918 843 1184 906 conflato,
1231 862 1358 892 cum
1392 847 1704 908 forensibus
1736 865 1820 896 so·

392 912 657 959 cietatem
704 916 953 961 ineuntes
983 949 997 974 ‚
1049 913 1424 979 ejusmodique
1483 934 1719 975 aurum,
1769 927 1824 965 et

390 990 679 1046 argentum
713 1000 743 1029 e
782 983 969 1047 Regno
1008 983 1530 1044 elamre‘fferentesf‘

524 1052 696 1099 Fiscus
738 1052 922 1117 Regius
962 1051 1013 1096 in
1043 1051 1117 1098 his
1155 1053 1262 1116 lege
1299 1054 1547 1120 expressis
1587 1052 1813 1112 casibus,

391 1119 454 1168 de
498 1120 681 1168 delicto
715 1121 877 1169 Notae
920 1117 1221 1167 Infidilitatis
1252 1133 1507 1170 accusatos
1545 1123 1623 1169 vel
1655 1123 1814 1186 gravi-

390 1200 468 1237 ter
498 1199 785 1254 suspectOS,
831 1187 891 1234 ad
921 1188 1022 1235 Inc.
1053 1187 1300 1236 Tabulam
1327 1191 1531 1255 Regiam
1558 1190 1820 1238 Judiciari·

384 1275 470 1307 am
507 1259 656 1315 citat,
701 1267 751 1305 et
796 1257 836 1304 si
874 1267 1036 1304 metus
1075 1255 1295 1322 profugii
1340 1258 1692 1317 subversetur,
1736 1260 1816 1307 vel

390 1343 511 1375 vero
552 1323 851 1392 delinquens
902 1335 1103 1390 praeter
1148 1324 1461 1374 domicilium
1493 1328 1577 1372 vix
1610 1326 1820 1392 aliquod

389 1393 821 1453 bonumxhabeat,
855 1409 1004 1442 sensu
1037 1397 1186 1442 1687:
1228 1401 1304 1442 14.
1355 1406 1404 1442 et
1445 1400 1599 1445 1715:
1639 1400 1684 1442 7.
1730 1397 1818 1443 eti·

394 1483 474 1512 am
513 1464 715 1530 praevie
752 1463 1046 1528 incaptivari
1072 1474 1228 1510 curat.
1267 1464 1540 1512 Convictus
1577 1464 1822 1528 Appella-

391 1544 490 1581 tam
524 1532 585 1579 ad
620 1532 738 1580 Exc.
770 1531 1017 1578 Tabulam
1067 1530 1514 1597 Septemviralem‚
1554 1541 1605 1578 et
1630 1532 1819 1579 Recur-

389 1619 501 1649 sum
552 1599 612 1647 ad
651 1600 913 1647 Thronum
954 1599 1302 1659 Altissimum,
1334 1617 1429 1666 pro
1466 1601 1633 1647 Gratia
1664 1601 1820 1666 impe·

393 1668 597 1728 tranda,
630 1669 823 1716 salvum
860 1667 1022 1716 habet..
1092 1669 1231 1715 Bona
1265 1671 1314 1715 in
1343 1670 1472 1717 Nota
1509 1666 1826 1717 Infidelitatis

389 1739 624 1787 conventi
654 1736 1010 1803 delinquentis,
1046 1740 1244 1802 praevie
1262 1748 1640 1803 sequestrantur
1659 1775 1671 1798 ‚
1699 1740 1824 1786 etin

389 1825 446 1854 ea
474 1808 714 1863 convicti,
745 1806 805 1854 ad
848 1808 1205 1872 portionem-ei
1242 1807 1529 1865 cedentem,
1559 1823 1816 1873 exequun-

393 1886 505 1934 tur,
544 1886 696 1940 atque
736 1877 875 1924 Fisco
912 1875 1071 1943 Regio
1099 1875 1416 1925 addicuntur.
1476 1879 1632 1925 1790:
1667 1880 1745 1928 56.

995 1999 1032 2062 ᾗ.
1099 2004 1210 2046 171.

469 2106 570 2163 ΙΙΙ.
636 2100 786 2160 Jura
832 2102 1002 2159 Fz'soe‘
1036 2099 1223 2175 Regii
1256 2105 1415 2158 circa
1451 2104 1744 2158 Excessus
1772 2115 1776 2118 ·

985 2180 1263 2236 Publicos.
1414 2198 1417 2199 ’

532 2295 665 2362 Lege
714 2312 977 2362 expressos
1026 2288 1268 2342 Excessus
1300 2293 1506 2353 noxios,
1537 2303 1585 2341 et
1638 2291 1826 2340 delicta>

394 2364 586 2429 majora
616 2363 834 2430 publica,
865 2364 1029 2411 Fiscus
1056 2364 1256 2428 Regius,
1290 2363 1337 2409 vi
1367 2361 1520 2411 officii
1543 2363 1648 2421 sui,
1685 2377 1822 2409 secu-

398 2437 557 2483 ritatis
598 2432 827 2500 publicae
860 2450 1002 2481 causa
1022 2469 1036 2493 ‚
1086 2431 1400 2497 potissimum
1426 2431 1681 2497 sequentia
1712 2431 1818 2476 vin-

406 2503 564 2552 dicat:

608 2576 650 2619 l.
688 2569 742 2618 Si
769 2570 855 2635 qui
889 2577 1063 2615 contra
1087 2566 1496 2615 Jurisdictionem
1516 2566 1698 2616 Sacrae
1721 2567 1829 2614 Co·-

401 2658 587 2699 ronae,
638 2648 688 2687 et
734 2647 908 2687 contra
967 2636 1252 2702 Principem
1284 2633 1821 2702 Nostrumpejerant,

404 2711 530 2758 tales
577 2705 808 2773 perjuros
851 2706 1020 2752 Fiscus
1054 2706 1239 2770 Regius
1276 2721 1445 2752 coram
1486 2704 1589 2753 Inc.
1628 2702 1821 2751 Tabula

401 2779 554 2846 Regia
598 2777 641 2823 J.
684 2774 1025 2823 inamissione
1060 2773 1329 2832 bonorum,
1357 2783 1405 2822 et
1433 2773 1484 2818 in
1514 2790 1677 2840 poena
1705 2789 1823 2820 con·

417 2846 561 2912 digna
581 2882 595 2906 ‚
630 2846 857 2894 convinci
887 2842 1025 2909 petit.
1050 2841 1187 2890 Part.
1223 2841 1297 2888 ΙΙ.
1330 2852 1383 2887 tt.
1414 2843 1493 2886 30.
