1897 3440
668 277 733 286 .-
802 253 868 299 29
935 276 999 286 -..

750 386 788 448 §·
825 389 907 435 33.

132 504 394 563 Societas
416 505 694 570 Erudita,
717 524 814 562 sea
839 505 1150 564 Academia
1177 505 1534 581 Hungarz'ca.

266 654 337 700 Ut
380 651 649 701 Academia
691 653 979 719 Hungarica
1028 670 1114 699 seu
1151 652 1373 701 Societas
1410 653 1536 700 Eru-

123 719 225 768 dita
261 739 400 783 „non
430 731 652 768 tantum
680 719 757 768 ad
775 718 1192 786 propagandam
1214 755 1227 779 ,
1258 737 1446 768 verum
1474 723 1541 769 si-

129 789 251 838 mul
285 791 459 837 etiam
490 787 568 836 ad
589 788 957 838 excolendam
996 793 1049 837 in
1083 792 1235 838 omni
1280 789 1540 838 Scientia-

126 875 248 905 rum
279 869 333 906 et
375 860 594 905 Artium
624 875 823 920 genere
867 861 1117 906 Patriam
1153 859 1425 922 Linguam
1466 856 1541 906 di-

127 936 312 984 recta,
340 953 409 962 —
439 944 469 973 e
492 924 705 989 funda,
748 945 845 991 per
869 939 1196 990 spontaneas
1239 925 1543 975 oblationes

126 996 464 1057 composito,
522 995 715 1056 fixam
758 993 955 1041 Sedem
1001 998 1208 1042 Pestini
1261 992 1539 1056 habitura,

126 1079 295 1127 ocyus
332 1061 636 1126 erigatur-‚⁶⁶
674 1060 928 1107 decretum
956 1071 1031 1107 est
1064 1066 1213 1108 1827:
1251 1073 1326 1111 11.
1357 1064 1542 1111 —Pro

124 1129 285 1179 fundo
313 1128 461 1192 hujus
495 1126 821 1188 Academiae,
867 1137 923 1174 ut
954 1144 1169 1194 sequens
1203 1128 1443 1176 articulus
1478 1135 1540 1178 12

125 1206 360 1254 testatur,
390 1188 627 1260 generosa
646 1195 814 1244 oblata
837 1195 1009 1262 plures
1025 1197 1271 1262 patriotae
1296 1195 1539 1258 fecerunt,

122 1281 250 1330 quae
283 1263 531 1328 subseque
575 1280 665 1328 per
706 1264 878 1329 plures
920 1275 1062 1312 aucta
1101 1273 1242 1321 sunt,
1291 1263 1447 1323 adeo,
1485 1275 1542 1312 ut

120 1334 376 1390 Instincti
412 1328 571 1392 hujus
608 1336 1001 1396 protectionem
1051 1330 1167 1380 Sua
1210 1331 1544 1382 Celsitudine

49 1433 55 1439 -
127 1402 399 1449 Caesareo
430 1401 632 1465 Regia,
666 1403 906 1450 Domino
935 1402 1112 1464 Regni
1135 1399 1429 1461 Palatino,
1465 1403 1541 1449 in-

115 1472 305 1534 genita
345 1485 474 1533 erga
520 1470 774 1517 Patriam
806 1480 887 1532 vet
936 1468 1167 1518 Gentem
1211 1470 1553 1534 Hungaram.

117 1535 479 1587 teneritudine
514 1540 864 1601 suscipiente,
913 1536 1177 1596 Ejusdem
1211 1536 1314 1585 sub
1343 1540 1538 1600 Auspi-

119 1610 253 1657 ciis“
291 1603 560 1656 Academia
591 1605 707 1655 haec
734 1606 835 1672 jam
877 1605 1103 1654 effective
1145 1622 1367 1671 quoque,
1398 1606 1540 1673 juxta

115 1676 368 1743 peculiare
401 1673 713 1722 elaboratum
741 1674 968 1738 Systema
1000 1685 1050 1722 et
1073 1671 1533 1735 Coordinationem,
1596 1708 1606 1722 .

119 1742 391 1799 coaluerit,
427 1751 476 1789 et
510 1751 621 1789 actu
665 1752 918 1808 operetur.
967 1742 1095 1790 Vide
1154 1742 1250 1801 „A'
1287 1743 1534 1808 Magyar

127 1809 310 1861 Tudo'e
347 1810 617 1874 Tarsa-sag
646 1812 947 1876 Alaprajza
975 1808 1031 1859 e's
1065 1807 1536 1861 Rendszabdsai.“

739 1965 777 2028 ς.
815 1968 894 2014 34.

380 2087 791 2146 Academia
840 2087 1166 2143 Militar-
1187 2089 1272 2142 ia.

263 2221 390 2268 Cum
423 2219 583 2266 Statui
623 2217 841 2264 multum
882 2216 1105 2278 intersit,
1157 2225 1213 2264 ut
1256 2212 1440 2263 Milites
1483 2221 1534 2261 et

124 2290 290 2336 Duces
323 2287 534 2335 Scientia
565 2286 803 2351 Militari,
841 2301 968 2350 quae
1005 2286 1189 2332 nostris
1218 2279 1533 2348 temporibus

120 2356 288 2422 ampla
315 2366 364 2404 et
391 2353 664 2403 difficillima
692 2354 875 2412 evasit,
927 2352 1231 2400 sufficienter
1260 2353 1532 2398 instructos

119 2424 321 2483 habeat,
356 2422 660 2472 necessariae
687 2420 905 2468 redditae
933 2430 1047 2467 sunt
1082 2419 1292 2468 Scholae
1322 2428 1372 2466 et
1405 2418 1529 2466 Aca·

119 2493 309 2541 demiae
345 2490 612 2549 Militares,
665 2507 878 2555 quarum
907 2487 1074 2536 Status
1113 2488 1399 2535 Austriacus
1428 2484 1530 2550 jam

122 2561 293 2627 plures
323 2571 566 2607 numerat.
604 2557 750 2615 Quod
780 2558 955 2604 attinet
982 2557 1319 2622 Hungariam,
1357 2556 1408 2600 in
1441 2551 1531 2600 hac

122 2645 327 2695 quoque
355 2622 513 2693 Reges
540 2638 589 2676 et
618 2626 786 2674 Status
812 2623 872 2672 de
898 2622 1103 2684 mediis,
1137 2622 1320 2689 quibus
1348 2620 1529 2669 Militia

123 2699 461 2763 cognitionem
498 2705 546 2743 et
588 2694 894 2742 habilitatem
940 2691 1207 2739 militarem
1257 2690 1349 2738 sibi
1395 2706 1528 2737 com·

122 2782 299 2832 parare
328 2763 514 2823 valeat,
556 2764 670 2810 satis
699 2761 912 2810 multum
941 2771 991 2809 et
1016 2770 1209 2808 mature
1231 2760 1527 2823 cogitarunt,

124 2845 280 2900 prout
316 2831 368 2881 id
396 2849 457 2882 ex
496 2832 726 2898 plurimis
764 2829 825 2879 de
872 2829 1067 2878 Lustris
1106 2839 1155 2878 et
1203 2825 1525 2877 Exercitatio-
