<?xml version="1.0" encoding="UTF-8"?>
<!DOCTYPE html PUBLIC "-//W3C//DTD XHTML 1.0 Transitional//EN"
    "http://www.w3.org/TR/xhtml1/DTD/xhtml1-transitional.dtd">
<html xmlns="http://www.w3.org/1999/xhtml" xml:lang="en" lang="en">
 <head>
  <title>
</title>
<meta http-equiv="Content-Type" content="text/html;charset=utf-8" />
  <meta name='ocr-system' content='tesseract 3.04.00' />
  <meta name='ocr-capabilities' content='ocr_page ocr_carea ocr_par ocr_line ocrx_word'/>
</head>
<body>
  <div class='ocr_page' id='page_1' title='image "./statuspoliticoju00blas_0030.png"; bbox 0 0 1964 3440; ppageno 0'>
   <div class='ocr_carea' id='block_1_1' title="bbox 981 246 1311 292">
    <p class='ocr_par' dir='ltr' id='par_1_1' title="bbox 981 246 1311 292">
     <span class='ocr_line' id='line_1_1' title="bbox 981 246 1311 292; baseline -0.006 -12"><span class='ocrx_word' id='word_1_1' title='bbox 981 246 1311 292; x_wconf 72' lang='lat'>..20-</span> 
     </span>
    </p>
   </div>
   <div class='ocr_carea' id='block_1_2' title="bbox 442 376 1869 1535">
    <p class='ocr_par' dir='ltr' id='par_1_2' title="bbox 442 376 1869 1535">
     <span class='ocr_line' id='line_1_2' title="bbox 446 376 1859 442; baseline -0.006 -13"><span class='ocrx_word' id='word_1_2' title='bbox 446 381 669 429; x_wconf 87' lang='lat' dir='ltr'>Pretium</span> <span class='ocrx_word' id='word_1_3' title='bbox 711 388 876 427; x_wconf 82' lang='lat' dir='ltr'>tamen</span> <span class='ocrx_word' id='word_1_4' title='bbox 927 379 1056 428; x_wconf 89' lang='lat' dir='ltr'>Salis</span> <span class='ocrx_word' id='word_1_5' title='bbox 1104 378 1362 437; x_wconf 83' lang='lat' dir='ltr'>elevandi,</span> <span class='ocrx_word' id='word_1_6' title='bbox 1418 377 1506 423; x_wconf 89' lang='lat' dir='ltr'>Jus</span> <span class='ocrx_word' id='word_1_7' title='bbox 1546 376 1695 442; x_wconf 79' lang='lat' dir='ltr'>Regis</span> <span class='ocrx_word' id='word_1_8' title='bbox 1743 393 1859 424; x_wconf 90' lang='lat' dir='ltr'>cum</span> 
     </span>
     <span class='ocr_line' id='line_1_3' title="bbox 442 443 1862 511; baseline -0.006 -13"><span class='ocrx_word' id='word_1_9' title='bbox 442 447 668 498; x_wconf 84' lang='lat' dir='ltr'>Statibus</span> <span class='ocrx_word' id='word_1_10' title='bbox 697 457 747 497; x_wconf 90' lang='lat' dir='ltr'>et</span> <span class='ocrx_word' id='word_1_11' title='bbox 777 445 1062 496; x_wconf 87' lang='lat' dir='ltr'><strong>Ordinibus</strong></span> <span class='ocrx_word' id='word_1_12' title='bbox 1094 447 1252 511; x_wconf 85' lang='lat' dir='ltr'>Regni</span> <span class='ocrx_word' id='word_1_13' title='bbox 1288 443 1538 494; x_wconf 84' lang='lat' dir='ltr'>comitiale</span> <span class='ocrx_word' id='word_1_14' title='bbox 1567 455 1668 490; x_wconf 85' lang='lat' dir='ltr'>est:</span> <span class='ocrx_word' id='word_1_15' title='bbox 1707 448 1862 492; x_wconf 85' lang='lat'>1791:</span> 
     </span>
     <span class='ocr_line' id='line_1_4' title="bbox 443 510 1863 583; baseline -0.005 -19"><span class='ocrx_word' id='word_1_16' title='bbox 443 521 525 566; x_wconf 83' lang='lat'>20.</span> <span class='ocrx_word' id='word_1_17' title='bbox 561 542 628 554; x_wconf 90' lang='grc'>--</span> <span class='ocrx_word' id='word_1_18' title='bbox 664 518 755 583; x_wconf 87' lang='lat' dir='ltr'>qui</span> <span class='ocrx_word' id='word_1_19' title='bbox 785 517 981 564; x_wconf 86' lang='lat' dir='ltr'><strong>statuit:</strong></span> <span class='ocrx_word' id='word_1_20' title='bbox 1021 523 1115 576; x_wconf 75' lang='lat' dir='ltr'>„ut</span> <span class='ocrx_word' id='word_1_21' title='bbox 1145 515 1211 562; x_wconf 86' lang='lat' dir='ltr'>de</span> <span class='ocrx_word' id='word_1_22' title='bbox 1248 514 1538 563; x_wconf 70' lang='lat' dir='ltr'><em>elevatione</em></span> <span class='ocrx_word' id='word_1_23' title='bbox 1557 517 1738 575; x_wconf 73' lang='lat' dir='ltr'>pretii</span> <span class='ocrx_word' id='word_1_24' title='bbox 1767 510 1863 558; x_wconf 85' lang='lat' dir='ltr'>Sa-</span> 
     </span>
     <span class='ocr_line' id='line_1_5' title="bbox 444 583 1865 648; baseline -0.004 -15"><span class='ocrx_word' id='word_1_25' title='bbox 444 585 515 648; x_wconf 66' lang='lat' dir='ltr'>lis¹</span> <span class='ocrx_word' id='word_1_26' title='bbox 547 601 664 633; x_wconf 82' lang='lat' dir='ltr'>cum</span> <span class='ocrx_word' id='word_1_27' title='bbox 693 584 936 633; x_wconf 75' lang='lat' dir='ltr'>Statibus</span> <span class='ocrx_word' id='word_1_28' title='bbox 964 592 1019 634; x_wconf 89' lang='lat' dir='ltr'>et</span> <span class='ocrx_word' id='word_1_29' title='bbox 1051 583 1338 633; x_wconf 72' lang='lat' dir='ltr'><em>Ordinibus</em></span> <span class='ocrx_word' id='word_1_30' title='bbox 1369 583 1543 644; x_wconf 74' lang='lat' dir='ltr'>Regni</span> <span class='ocrx_word' id='word_1_31' title='bbox 1568 587 1865 638; x_wconf 80' lang='lat' dir='ltr'><strong><em>tractetur,</em></strong></span> 
     </span>
     <span class='ocr_line' id='line_1_6' title="bbox 443 653 1863 715; baseline -0.004 -14"><span class='ocrx_word' id='word_1_32' title='bbox 443 669 536 703; x_wconf 81' lang='lat' dir='ltr'>nec</span> <span class='ocrx_word' id='word_1_33' title='bbox 575 654 747 713; x_wconf 67' lang='lat' dir='ltr'><em>alim,</em></span> <span class='ocrx_word' id='word_1_34' title='bbox 784 657 890 701; x_wconf 72' lang='grc' dir='ltr'><em>πίει·</em></span> <span class='ocrx_word' id='word_1_35' title='bbox 917 661 1194 701; x_wconf 65' lang='lat' dir='ltr'>‹ea-cremae</span> <span class='ocrx_word' id='word_1_36' title='bbox 1226 659 1479 715; x_wconf 77' lang='lat' dir='ltr'>urgentes</span> <span class='ocrx_word' id='word_1_37' title='bbox 1520 653 1863 698; x_wconf 77' lang='lat' dir='ltr'>circumstan-</span> 
     </span>
     <span class='ocr_line' id='line_1_7' title="bbox 444 717 1866 784; baseline -0.004 -14"><span class='ocrx_word' id='word_1_38' title='bbox 444 726 554 770; x_wconf 77' lang='lat' dir='ltr'>tiae</span> <span class='ocrx_word' id='word_1_39' title='bbox 587 721 738 769; x_wconf 72' lang='lat' dir='ltr'><em>aliud</em></span> <span class='ocrx_word' id='word_1_40' title='bbox 766 727 1076 784; x_wconf 74' lang='lat' dir='ltr'><em>exigerent,</em></span> <span class='ocrx_word' id='word_1_41' title='bbox 1112 721 1354 769; x_wconf 74' lang='lat' dir='ltr'>Pretium</span> <span class='ocrx_word' id='word_1_42' title='bbox 1391 719 1535 767; x_wconf 70' lang='lat' dir='ltr'>Salis</span> <span class='ocrx_word' id='word_1_43' title='bbox 1562 726 1728 766; x_wconf 66' lang='lat' dir='ltr'>eoetra</span> <span class='ocrx_word' id='word_1_44' title='bbox 1770 717 1866 764; x_wconf 87' lang='lat' dir='ltr'>Co-</span> 
     </span>
     <span class='ocr_line' id='line_1_8' title="bbox 442 788 1869 852; baseline -0.004 -14"><span class='ocrx_word' id='word_1_45' title='bbox 442 796 601 839; x_wconf 77' lang='lat' dir='ltr'>mitia</span> <span class='ocrx_word' id='word_1_46' title='bbox 634 791 808 851; x_wconf 79' lang='lat' dir='ltr'>Regni</span> <span class='ocrx_word' id='word_1_47' title='bbox 839 790 1154 852; x_wconf 75' lang='lat' dir='ltr'>augeatur.“</span> <span class='ocrx_word' id='word_1_48' title='bbox 1192 814 1257 827; x_wconf 85' lang='lat'>--</span> <span class='ocrx_word' id='word_1_49' title='bbox 1292 788 1419 838; x_wconf 81' lang='lat' dir='ltr'>Salis</span> <span class='ocrx_word' id='word_1_50' title='bbox 1454 788 1672 852; x_wconf 84' lang='lat' dir='ltr'>pretium</span> <span class='ocrx_word' id='word_1_51' title='bbox 1705 788 1869 834; x_wconf 79' lang='lat'>1792:</span> 
     </span>
     <span class='ocr_line' id='line_1_9' title="bbox 446 855 1866 920; baseline -0.004 -13"><span class='ocrx_word' id='word_1_52' title='bbox 446 865 524 907; x_wconf 85' lang='grc'><strong>14.</strong></span> <span class='ocrx_word' id='word_1_53' title='bbox 567 859 617 903; x_wconf 91' lang='lat' dir='ltr'>in</span> <span class='ocrx_word' id='word_1_54' title='bbox 654 858 820 904; x_wconf 69' lang='lat' dir='ltr'>llxris</span> <span class='ocrx_word' id='word_1_55' title='bbox 849 857 1143 914; x_wconf 82' lang='lat' dir='ltr'>adauctum,</span> <span class='ocrx_word' id='word_1_56' title='bbox 1184 859 1290 916; x_wconf 77' lang='lat' dir='ltr'>„ad</span> <span class='ocrx_word' id='word_1_57' title='bbox 1315 858 1624 920; x_wconf 76' lang='lat' dir='ltr'>peculiares</span> <span class='ocrx_word' id='word_1_58' title='bbox 1638 855 1784 916; x_wconf 80' lang='lat' dir='ltr'>fines</span> <span class='ocrx_word' id='word_1_59' title='bbox 1805 855 1866 913; x_wconf 83' lang='lat'>,·“</span> 
     </span>
     <span class='ocr_line' id='line_1_10' title="bbox 443 921 1869 984; baseline -0.004 -11"><span class='ocrx_word' id='word_1_60' title='bbox 443 927 594 973; x_wconf 88' lang='lat' dir='ltr'>Anno</span> <span class='ocrx_word' id='word_1_61' title='bbox 628 928 782 973; x_wconf 87' lang='lat'>1802:</span> <span class='ocrx_word' id='word_1_62' title='bbox 822 929 869 973; x_wconf 85' lang='lat'>3.</span> <span class='ocrx_word' id='word_1_63' title='bbox 909 942 1030 972; x_wconf 89' lang='lat' dir='ltr'>vero</span> <span class='ocrx_word' id='word_1_64' title='bbox 1056 926 1107 970; x_wconf 90' lang='lat' dir='ltr'>in</span> <span class='ocrx_word' id='word_1_65' title='bbox 1140 930 1163 972; x_wconf 88' lang='lat'>1</span> <span class='ocrx_word' id='word_1_66' title='bbox 1195 924 1242 970; x_wconf 88' lang='lat' dir='ltr'>ss.</span> <span class='ocrx_word' id='word_1_67' title='bbox 1273 925 1303 976; x_wconf 83' lang='lat'><strong>6</strong></span> <span class='ocrx_word' id='word_1_68' title='bbox 1327 943 1401 973; x_wconf 75' lang='grc' dir='ltr'>ΧΓ.</span> <span class='ocrx_word' id='word_1_69' title='bbox 1437 925 1735 982; x_wconf 79' lang='lat' dir='ltr'>adauctum,</span> <span class='ocrx_word' id='word_1_70' title='bbox 1760 921 1869 984; x_wconf 79' lang='lat' dir='ltr'>„ad</span> 
     </span>
     <span class='ocr_line' id='line_1_11' title="bbox 442 989 1867 1056; baseline -0.005 -14"><span class='ocrx_word' id='word_1_71' title='bbox 442 993 703 1056; x_wconf 79' lang='lat' dir='ltr'>tegendas</span> <span class='ocrx_word' id='word_1_72' title='bbox 738 991 928 1042; x_wconf 77' lang='lat' dir='ltr'>Status</span> <span class='ocrx_word' id='word_1_73' title='bbox 963 995 1369 1040; x_wconf 53' lang='lat' dir='ltr'>necessitates-³⁶</span> <span class='ocrx_word' id='word_1_74' title='bbox 1405 991 1727 1040; x_wconf 81' lang='lat' dir='ltr'>comitialiter</span> <span class='ocrx_word' id='word_1_75' title='bbox 1766 989 1867 1036; x_wconf 87' lang='lat' dir='ltr'>fuit</span> 
     </span>
     <span class='ocr_line' id='line_1_12' title="bbox 444 1058 1869 1119; baseline -0.001 -12"><span class='ocrx_word' id='word_1_76' title='bbox 444 1060 764 1110; x_wconf 74' lang='lat' dir='ltr'>destinatum.</span> <span class='ocrx_word' id='word_1_77' title='bbox 816 1062 984 1107; x_wconf 87' lang='lat' dir='ltr'>Partes</span> <span class='ocrx_word' id='word_1_78' title='bbox 1014 1060 1311 1119; x_wconf 78' lang='lat' dir='ltr'>maritimas,</span> <span class='ocrx_word' id='word_1_79' title='bbox 1349 1070 1399 1107; x_wconf 93' lang='lat' dir='ltr'>et</span> <span class='ocrx_word' id='word_1_80' title='bbox 1426 1059 1705 1116; x_wconf 85' lang='lat' dir='ltr'>Croatiam,</span> <span class='ocrx_word' id='word_1_81' title='bbox 1742 1058 1869 1105; x_wconf 79' lang='lat' dir='ltr'>Sale</span> 
     </span>
     <span class='ocr_line' id='line_1_13' title="bbox 442 1126 1868 1193; baseline -0.004 -16"><span class='ocrx_word' id='word_1_82' title='bbox 442 1132 715 1177; x_wconf 76' lang='lat' dir='ltr'>maritimo</span> <span class='ocrx_word' id='word_1_83' title='bbox 734 1163 747 1188; x_wconf 89' lang='lat'>‚</span> <span class='ocrx_word' id='word_1_84' title='bbox 774 1129 1050 1177; x_wconf 83' lang='lat' dir='ltr'>Comitatus</span> <span class='ocrx_word' id='word_1_85' title='bbox 1080 1144 1202 1193; x_wconf 87' lang='lat' dir='ltr'>vero</span> <span class='ocrx_word' id='word_1_86' title='bbox 1227 1128 1540 1193; x_wconf 83' lang='lat' dir='ltr'>superiores,</span> <span class='ocrx_word' id='word_1_87' title='bbox 1571 1126 1868 1186; x_wconf 88' lang='lat' dir='ltr'>Arvensem,</span> 
     </span>
     <span class='ocr_line' id='line_1_14' title="bbox 445 1193 1865 1263; baseline -0.004 -18"><span class='ocrx_word' id='word_1_88' title='bbox 445 1197 830 1245; x_wconf 87' lang='lat' dir='ltr'>Turotziensem</span> <span class='ocrx_word' id='word_1_89' title='bbox 875 1207 925 1245; x_wconf 89' lang='lat' dir='ltr'>et</span> <span class='ocrx_word' id='word_1_90' title='bbox 965 1196 1373 1263; x_wconf 86' lang='lat' dir='ltr'>Liptoviensem‚</span> <span class='ocrx_word' id='word_1_91' title='bbox 1429 1194 1552 1243; x_wconf 79' lang='lat' dir='ltr'>Sale</span> <span class='ocrx_word' id='word_1_92' title='bbox 1607 1193 1865 1242; x_wconf 83' lang='lat' dir='ltr'><em>Polom‘co</em></span> 
     </span>
     <span class='ocr_line' id='line_1_15' title="bbox 444 1266 1866 1330; baseline -0.003 -19"><span class='ocrx_word' id='word_1_93' title='bbox 444 1266 518 1311; x_wconf 88' lang='lat' dir='ltr'>uti</span> <span class='ocrx_word' id='word_1_94' title='bbox 575 1281 753 1330; x_wconf 83' lang='lat' dir='ltr'>posse,</span> <span class='ocrx_word' id='word_1_95' title='bbox 822 1274 1019 1313; x_wconf 86' lang='lat' dir='ltr'>constat</span> <span class='ocrx_word' id='word_1_96' title='bbox 1067 1280 1131 1312; x_wconf 79' lang='lat' dir='ltr'>ex</span> <span class='ocrx_word' id='word_1_97' title='bbox 1193 1268 1351 1315; x_wconf 76' lang='lat'>1548:</span> <span class='ocrx_word' id='word_1_98' title='bbox 1394 1268 1492 1313; x_wconf 75' lang='lat'>29.</span> <span class='ocrx_word' id='word_1_99' title='bbox 1549 1266 1703 1312; x_wconf 83' lang='lat'><strong>1715:</strong></span> <span class='ocrx_word' id='word_1_100' title='bbox 1757 1266 1866 1309; x_wconf 86' lang='lat'>122.</span> 
     </span>
     <span class='ocr_line' id='line_1_16' title="bbox 444 1329 1861 1398; baseline -0.003 -18"><span class='ocrx_word' id='word_1_101' title='bbox 444 1331 499 1380; x_wconf 89' lang='lat' dir='ltr'>Si</span> <span class='ocrx_word' id='word_1_102' title='bbox 531 1335 643 1398; x_wconf 84' lang='lat' dir='ltr'>quis</span> <span class='ocrx_word' id='word_1_103' title='bbox 684 1350 805 1381; x_wconf 87' lang='lat' dir='ltr'>vero</span> <span class='ocrx_word' id='word_1_104' title='bbox 844 1335 1072 1382; x_wconf 82' lang='lat' dir='ltr'>Privatus</span> <span class='ocrx_word' id='word_1_105' title='bbox 1113 1333 1164 1380; x_wconf 92' lang='lat' dir='ltr'>in</span> <span class='ocrx_word' id='word_1_106' title='bbox 1208 1333 1518 1398; x_wconf 86' lang='lat' dir='ltr'>possessorio</span> <span class='ocrx_word' id='word_1_107' title='bbox 1556 1348 1646 1379; x_wconf 87' lang='lat' dir='ltr'>suo</span> <span class='ocrx_word' id='word_1_108' title='bbox 1690 1329 1861 1378; x_wconf 88' lang='lat' dir='ltr'>Salem</span> 
     </span>
     <span class='ocr_line' id='line_1_17' title="bbox 446 1397 1867 1467; baseline -0.001 -20"><span class='ocrx_word' id='word_1_109' title='bbox 446 1403 718 1467; x_wconf 83' lang='lat' dir='ltr'>reperiret,</span> <span class='ocrx_word' id='word_1_110' title='bbox 756 1419 815 1449; x_wconf 91' lang='lat' dir='ltr'>eo</span> <span class='ocrx_word' id='word_1_111' title='bbox 844 1403 918 1448; x_wconf 84' lang='lat' dir='ltr'>uti</span> <span class='ocrx_word' id='word_1_112' title='bbox 949 1418 1050 1449; x_wconf 92' lang='lat' dir='ltr'>non</span> <span class='ocrx_word' id='word_1_113' title='bbox 1082 1410 1276 1465; x_wconf 85' lang='lat' dir='ltr'>potest,</span> <span class='ocrx_word' id='word_1_114' title='bbox 1313 1401 1400 1449; x_wconf 87' lang='lat' dir='ltr'>sed</span> <span class='ocrx_word' id='word_1_115' title='bbox 1438 1401 1546 1448; x_wconf 81' lang='lat' dir='ltr'>Rex</span> <span class='ocrx_word' id='word_1_116' title='bbox 1575 1397 1736 1447; x_wconf 88' lang='lat' dir='ltr'>eidem</span> <span class='ocrx_word' id='word_1_117' title='bbox 1771 1414 1867 1463; x_wconf 86' lang='lat' dir='ltr'>pro</span> 
     </span>
     <span class='ocr_line' id='line_1_18' title="bbox 445 1466 1868 1535; baseline -0.001 -21"><span class='ocrx_word' id='word_1_118' title='bbox 445 1467 591 1535; x_wconf 85' lang='lat' dir='ltr'>plaga</span> <span class='ocrx_word' id='word_1_119' title='bbox 620 1480 812 1528; x_wconf 84' lang='lat' dir='ltr'>terrae,</span> <span class='ocrx_word' id='word_1_120' title='bbox 849 1472 900 1517; x_wconf 91' lang='lat' dir='ltr'>in</span> <span class='ocrx_word' id='word_1_121' title='bbox 933 1488 1030 1535; x_wconf 83' lang='lat' dir='ltr'>qua</span> <span class='ocrx_word' id='word_1_122' title='bbox 1059 1468 1144 1516; x_wconf 74' lang='lat' dir='ltr'>Sal</span> <span class='ocrx_word' id='word_1_123' title='bbox 1182 1468 1332 1530; x_wconf 84' lang='lat' dir='ltr'>latet,</span> <span class='ocrx_word' id='word_1_124' title='bbox 1370 1469 1518 1517; x_wconf 87' lang='lat' dir='ltr'>aliam</span> <span class='ocrx_word' id='word_1_125' title='bbox 1546 1466 1868 1533; x_wconf 85' lang='lat' dir='ltr'>aequivalen-</span> 
     </span>
    </p>
   </div>
   <div class='ocr_carea' id='block_1_3' title="bbox 446 1530 1869 1667">
    <p class='ocr_par' dir='ltr' id='par_1_3' title="bbox 446 1530 1869 1667">
     <span class='ocr_line' id='line_1_19' title="bbox 446 1530 1869 1603; baseline -0.003 -20"><span class='ocrx_word' id='word_1_126' title='bbox 446 1547 550 1583; x_wconf 86' lang='lat' dir='ltr'>tem</span> <span class='ocrx_word' id='word_1_127' title='bbox 576 1539 809 1603; x_wconf 81' lang='lat' dir='ltr'>assignat.</span> <span class='ocrx_word' id='word_1_128' title='bbox 854 1533 980 1586; x_wconf 84' lang='lat' dir='ltr'>Lud.</span> <span class='ocrx_word' id='word_1_129' title='bbox 1018 1538 1083 1583; x_wconf 82' lang='lat' dir='ltr'>D.</span> <span class='ocrx_word' id='word_1_130' title='bbox 1119 1537 1164 1584; x_wconf 80' lang='lat' dir='ltr'>I:</span> <span class='ocrx_word' id='word_1_131' title='bbox 1213 1541 1292 1585; x_wconf 85' lang='lat'>13.</span> <span class='ocrx_word' id='word_1_132' title='bbox 1344 1535 1498 1587; x_wconf 84' lang='lat' dir='ltr'>Math.</span> <span class='ocrx_word' id='word_1_133' title='bbox 1541 1530 1706 1583; x_wconf 56' lang='lat' dir='ltr'>RJD.</span> <span class='ocrx_word' id='word_1_134' title='bbox 1756 1533 1869 1583; x_wconf 88' lang='lat' dir='ltr'><strong>VII:</strong></span> 
     </span>
     <span class='ocr_line' id='line_1_20' title="bbox 448 1605 1081 1667; baseline -0.005 -14"><span class='ocrx_word' id='word_1_135' title='bbox 448 1610 526 1667; x_wconf 78' lang='lat'>49.</span> <span class='ocrx_word' id='word_1_136' title='bbox 563 1605 707 1654; x_wconf 81' lang='lat' dir='ltr'>Ulad.</span> <span class='ocrx_word' id='word_1_137' title='bbox 747 1607 800 1653; x_wconf 84' lang='lat' dir='ltr'>D.</span> <span class='ocrx_word' id='word_1_138' title='bbox 835 1608 875 1652; x_wconf 85' lang='lat' dir='ltr'>l:</span> <span class='ocrx_word' id='word_1_139' title='bbox 906 1610 984 1654; x_wconf 88' lang='grc'>30.</span> <span class='ocrx_word' id='word_1_140' title='bbox 1016 1633 1081 1641; x_wconf 90' lang='grc'>--</span> 
     </span>
    </p>
   </div>
   <div class='ocr_carea' id='block_1_4' title="bbox 1083 1763 1237 1825">
    <p class='ocr_par' dir='ltr' id='par_1_4' title="bbox 1083 1763 1237 1825">
     <span class='ocr_line' id='line_1_21' title="bbox 1083 1763 1237 1825; baseline -0.006 -16"><span class='ocrx_word' id='word_1_141' title='bbox 1083 1763 1117 1825; x_wconf 55' lang='grc' dir='ltr'>ᾗ.</span> <span class='ocrx_word' id='word_1_142' title='bbox 1158 1768 1237 1812; x_wconf 84' lang='lat'>22.</span> 
     </span>
    </p>
   </div>
   <div class='ocr_carea' id='block_1_5' title="bbox 776 1884 1531 1940">
    <p class='ocr_par' dir='ltr' id='par_1_5' title="bbox 776 1884 1531 1940">
     <span class='ocr_line' id='line_1_22' title="bbox 776 1884 1531 1940; baseline -0.004 -1"><span class='ocrx_word' id='word_1_143' title='bbox 776 1884 1531 1940; x_wconf 76' lang='lat' dir='ltr'>Contributz&#39;O.</span> 
     </span>
    </p>
   </div>
   <div class='ocr_carea' id='block_1_6' title="bbox 450 2027 1883 2905">
    <p class='ocr_par' dir='ltr' id='par_1_6' title="bbox 450 2027 1883 2905">
     <span class='ocr_line' id='line_1_23' title="bbox 584 2027 1871 2095; baseline -0.002 -17"><span class='ocrx_word' id='word_1_144' title='bbox 584 2031 714 2079; x_wconf 90' lang='lat' dir='ltr'>Cum</span> <span class='ocrx_word' id='word_1_145' title='bbox 736 2028 961 2095; x_wconf 81' lang='lat' dir='ltr'>singulus</span> <span class='ocrx_word' id='word_1_146' title='bbox 987 2029 1156 2079; x_wconf 87' lang='lat' dir='ltr'>Status</span> <span class='ocrx_word' id='word_1_147' title='bbox 1177 2048 1289 2079; x_wconf 86' lang='lat' dir='ltr'>suas</span> <span class='ocrx_word' id='word_1_148' title='bbox 1319 2032 1634 2080; x_wconf 84' lang='lat' dir='ltr'>necessitates</span> <span class='ocrx_word' id='word_1_149' title='bbox 1664 2027 1871 2091; x_wconf 81' lang='lat' dir='ltr'>habeat,</span> 
     </span>
     <span class='ocr_line' id='line_1_24' title="bbox 451 2097 1872 2166; baseline -0.003 -17"><span class='ocrx_word' id='word_1_150' title='bbox 451 2107 614 2149; x_wconf 83' lang='lat' dir='ltr'>certae</span> <span class='ocrx_word' id='word_1_151' title='bbox 660 2099 1061 2148; x_wconf 87' lang='lat' dir='ltr'>Contributionis</span> <span class='ocrx_word' id='word_1_152' title='bbox 1125 2098 1484 2166; x_wconf 89' lang='lat' dir='ltr'>depensionem</span> <span class='ocrx_word' id='word_1_153' title='bbox 1531 2100 1583 2146; x_wconf 90' lang='lat' dir='ltr'>in</span> <span class='ocrx_word' id='word_1_154' title='bbox 1637 2097 1872 2147; x_wconf 86' lang='lat' dir='ltr'>omnibus</span> 
     </span>
     <span class='ocr_line' id='line_1_25' title="bbox 450 2166 1878 2234; baseline -0.001 -17"><span class='ocrx_word' id='word_1_155' title='bbox 450 2169 637 2234; x_wconf 82' lang='lat' dir='ltr'>Regnis</span> <span class='ocrx_word' id='word_1_156' title='bbox 666 2167 893 2215; x_wconf 86' lang='lat' dir='ltr'>naturale</span> <span class='ocrx_word' id='word_1_157' title='bbox 927 2185 1053 2216; x_wconf 85' lang='lat' dir='ltr'>onus</span> <span class='ocrx_word' id='word_1_158' title='bbox 1084 2184 1190 2216; x_wconf 88' lang='lat' dir='ltr'>esse</span> <span class='ocrx_word' id='word_1_159' title='bbox 1224 2178 1403 2234; x_wconf 90' lang='lat' dir='ltr'>sponte</span> <span class='ocrx_word' id='word_1_160' title='bbox 1437 2176 1588 2234; x_wconf 86' lang='lat' dir='ltr'>patet.</span> <span class='ocrx_word' id='word_1_161' title='bbox 1626 2166 1775 2224; x_wconf 83' lang='lat' dir='ltr'>Quod</span> <span class='ocrx_word' id='word_1_162' title='bbox 1803 2178 1878 2215; x_wconf 88' lang='lat' dir='ltr'>at-</span> 
     </span>
     <span class='ocr_line' id='line_1_26' title="bbox 451 2234 1876 2303; baseline -0.006 -18"><span class='ocrx_word' id='word_1_163' title='bbox 451 2238 576 2285; x_wconf 82' lang='lat' dir='ltr'>tinet</span> <span class='ocrx_word' id='word_1_164' title='bbox 605 2234 1042 2284; x_wconf 89' lang='lat' dir='ltr'>Contributionem</span> <span class='ocrx_word' id='word_1_165' title='bbox 1080 2237 1130 2282; x_wconf 92' lang='lat' dir='ltr'>in</span> <span class='ocrx_word' id='word_1_166' title='bbox 1161 2236 1446 2303; x_wconf 81' lang='lat' dir='ltr'>Hungaria‚</span> <span class='ocrx_word' id='word_1_167' title='bbox 1486 2234 1528 2299; x_wconf 83' lang='lat'>*)</span> <span class='ocrx_word' id='word_1_168' title='bbox 1564 2235 1613 2283; x_wconf 88' lang='lat' dir='ltr'>id</span> <span class='ocrx_word' id='word_1_169' title='bbox 1645 2244 1748 2292; x_wconf 88' lang='lat' dir='ltr'>est,</span> <span class='ocrx_word' id='word_1_170' title='bbox 1797 2252 1876 2282; x_wconf 88' lang='lat' dir='ltr'>so-</span> 
     </span>
     <span class='ocr_line' id='line_1_27' title="bbox 452 2303 1874 2371; baseline -0.004 -18"><span class='ocrx_word' id='word_1_171' title='bbox 452 2306 674 2353; x_wconf 88' lang='lat' dir='ltr'>lutiones</span> <span class='ocrx_word' id='word_1_172' title='bbox 707 2314 757 2352; x_wconf 88' lang='lat' dir='ltr'>et</span> <span class='ocrx_word' id='word_1_173' title='bbox 783 2305 1143 2369; x_wconf 81' lang='lat' dir='ltr'>praestationes</span> <span class='ocrx_word' id='word_1_174' title='bbox 1165 2303 1307 2365; x_wconf 86' lang='lat' dir='ltr'>illas,</span> <span class='ocrx_word' id='word_1_175' title='bbox 1341 2321 1465 2371; x_wconf 83' lang='lat' dir='ltr'>quas</span> <span class='ocrx_word' id='word_1_176' title='bbox 1491 2304 1693 2353; x_wconf 87' lang='lat' dir='ltr'>Incolae</span> <span class='ocrx_word' id='word_1_177' title='bbox 1732 2303 1874 2351; x_wconf 85' lang='lat' dir='ltr'>Hun-</span> 
     </span>
     <span class='ocr_line' id='line_1_28' title="bbox 461 2371 1879 2440; baseline 0 -22"><span class='ocrx_word' id='word_1_178' title='bbox 461 2373 659 2440; x_wconf 83' lang='lat' dir='ltr'>gariae‚</span> <span class='ocrx_word' id='word_1_179' title='bbox 721 2373 806 2438; x_wconf 87' lang='lat' dir='ltr'>qui</span> <span class='ocrx_word' id='word_1_180' title='bbox 849 2372 983 2439; x_wconf 84' lang='lat' dir='ltr'>Lege</span> <span class='ocrx_word' id='word_1_181' title='bbox 1029 2373 1214 2420; x_wconf 61' lang='lat' dir='ltr'>exemti</span> <span class='ocrx_word' id='word_1_182' title='bbox 1248 2391 1350 2422; x_wconf 91' lang='lat' dir='ltr'>non</span> <span class='ocrx_word' id='word_1_183' title='bbox 1391 2382 1532 2434; x_wconf 82' lang='lat' dir='ltr'>sunt,</span> <span class='ocrx_word' id='word_1_184' title='bbox 1581 2390 1672 2421; x_wconf 87' lang='lat' dir='ltr'>suo</span> <span class='ocrx_word' id='word_1_185' title='bbox 1726 2371 1879 2419; x_wconf 88' lang='lat' dir='ltr'>modo</span> 
     </span>
     <span class='ocr_line' id='line_1_29' title="bbox 454 2440 1874 2508; baseline -0.002 -20"><span class='ocrx_word' id='word_1_186' title='bbox 454 2458 552 2508; x_wconf 89' lang='lat' dir='ltr'>pro</span> <span class='ocrx_word' id='word_1_187' title='bbox 596 2440 969 2488; x_wconf 81' lang='lat' dir='ltr'>necessitatibus</span> <span class='ocrx_word' id='word_1_188' title='bbox 999 2442 1156 2507; x_wconf 83' lang='lat' dir='ltr'>Regni</span> <span class='ocrx_word' id='word_1_189' title='bbox 1183 2450 1234 2488; x_wconf 88' lang='lat' dir='ltr'>et</span> <span class='ocrx_word' id='word_1_190' title='bbox 1257 2442 1486 2507; x_wconf 85' lang='lat' dir='ltr'>inprimis</span> <span class='ocrx_word' id='word_1_191' title='bbox 1517 2459 1612 2506; x_wconf 90' lang='lat' dir='ltr'>pro</span> <span class='ocrx_word' id='word_1_192' title='bbox 1638 2443 1874 2487; x_wconf 75' lang='lat' dir='ltr'>interten-</span> 
     </span>
     <span class='ocr_line' id='line_1_30' title="bbox 455 2505 1875 2576; baseline -0.003 -19"><span class='ocrx_word' id='word_1_193' title='bbox 455 2512 595 2557; x_wconf 88' lang='lat' dir='ltr'>tione</span> <span class='ocrx_word' id='word_1_194' title='bbox 613 2508 875 2576; x_wconf 81' lang='lat' dir='ltr'>Regularis</span> <span class='ocrx_word' id='word_1_195' title='bbox 892 2509 1103 2557; x_wconf 84' lang='lat' dir='ltr'>Militiae</span> <span class='ocrx_word' id='word_1_196' title='bbox 1123 2508 1407 2575; x_wconf 90' lang='lat' dir='ltr'>dependere</span> <span class='ocrx_word' id='word_1_197' title='bbox 1433 2507 1740 2575; x_wconf 83' lang='lat' dir='ltr'>obligantur:</span> <span class='ocrx_word' id='word_1_198' title='bbox 1767 2505 1875 2573; x_wconf 87' lang='lat' dir='ltr'>ejus</span> 
     </span>
     <span class='ocr_line' id='line_1_31' title="bbox 463 2576 1875 2639; baseline -0.003 -13"><span class='ocrx_word' id='word_1_199' title='bbox 463 2578 700 2637; x_wconf 71' lang='grc' dir='ltr'><em>οόίαΐίο,</em></span> <span class='ocrx_word' id='word_1_200' title='bbox 737 2587 1100 2639; x_wconf 80' lang='lat' dir='ltr'>augmentum,</span> <span class='ocrx_word' id='word_1_201' title='bbox 1135 2579 1222 2626; x_wconf 81' lang='lat' dir='ltr'>vel</span> <span class='ocrx_word' id='word_1_202' title='bbox 1247 2578 1657 2626; x_wconf 76' lang='lat' dir='ltr'>immz&#39;nutz‘o&#39;ad</span> <span class='ocrx_word' id='word_1_203' title='bbox 1702 2576 1875 2623; x_wconf 80' lang='lat' dir='ltr'>Comi-</span> 
     </span>
     <span class='ocr_line' id='line_1_32' title="bbox 460 2645 1880 2708; baseline -0.003 -14"><span class='ocrx_word' id='word_1_204' title='bbox 460 2650 546 2694; x_wconf 81' lang='lat' dir='ltr'>tia</span> <span class='ocrx_word' id='word_1_205' title='bbox 570 2680 584 2705; x_wconf 87' lang='lat'>,</span> <span class='ocrx_word' id='word_1_206' title='bbox 622 2646 714 2692; x_wconf 76' lang='lat' dir='ltr'>nbi</span> <span class='ocrx_word' id='word_1_207' title='bbox 741 2648 847 2694; x_wconf 79' lang='lat' dir='ltr'>Sua</span> <span class='ocrx_word' id='word_1_208' title='bbox 877 2646 1149 2708; x_wconf 78' lang='lat' dir='ltr'>Majestas</span> <span class='ocrx_word' id='word_1_209' title='bbox 1189 2664 1304 2694; x_wconf 82' lang='lat' dir='ltr'>eum</span> <span class='ocrx_word' id='word_1_210' title='bbox 1331 2645 1574 2695; x_wconf 70' lang='lat' dir='ltr'>statibus</span> <span class='ocrx_word' id='word_1_211' title='bbox 1603 2653 1656 2694; x_wconf 90' lang='lat' dir='ltr'>et</span> <span class='ocrx_word' id='word_1_212' title='bbox 1682 2646 1880 2692; x_wconf 64' lang='lat' dir='ltr'>ordini·</span> 
     </span>
     <span class='ocr_line' id='line_1_33' title="bbox 466 2713 1883 2780; baseline -0.003 -17"><span class='ocrx_word' id='word_1_213' title='bbox 466 2714 560 2763; x_wconf 75' lang='lat' dir='ltr'>bus</span> <span class='ocrx_word' id='word_1_214' title='bbox 600 2713 801 2777; x_wconf 75' lang='lat' dir='ltr'>Regni,</span> <span class='ocrx_word' id='word_1_215' title='bbox 851 2715 915 2762; x_wconf 83' lang='lat' dir='ltr'>de</span> <span class='ocrx_word' id='word_1_216' title='bbox 954 2717 1067 2771; x_wconf 69' lang='lat' dir='ltr'>ejus</span> <span class='ocrx_word' id='word_1_217' title='bbox 1108 2721 1440 2780; x_wconf 79' lang='lat' dir='ltr'>quantitate,</span> <span class='ocrx_word' id='word_1_218' title='bbox 1478 2721 1756 2777; x_wconf 82' lang='lat' dir='ltr'>augmento</span> <span class='ocrx_word' id='word_1_219' title='bbox 1799 2713 1883 2759; x_wconf 75' lang='lat' dir='ltr'>vel</span> 
     </span>
     <span class='ocr_line' id='line_1_34' title="bbox 466 2781 1879 2850; baseline -0.004 -19"><span class='ocrx_word' id='word_1_220' title='bbox 466 2786 832 2832; x_wconf 77' lang='lat' dir='ltr'>imminutione</span> <span class='ocrx_word' id='word_1_221' title='bbox 864 2784 1166 2841; x_wconf 80' lang='lat' dir='ltr'>consultat,</span> <span class='ocrx_word' id='word_1_222' title='bbox 1209 2787 1467 2850; x_wconf 75' lang='lat' dir='ltr'>pertinet.</span> <span class='ocrx_word' id='word_1_223' title='bbox 1521 2781 1669 2832; x_wconf 88' lang='lat' dir='ltr'>Ulad.</span> <span class='ocrx_word' id='word_1_224' title='bbox 1711 2783 1772 2829; x_wconf 90' lang='lat' dir='ltr'>D.</span> <span class='ocrx_word' id='word_1_225' title='bbox 1805 2782 1879 2830; x_wconf 90' lang='lat' dir='ltr'>V:</span> 
     </span>
     <span class='ocr_line' id='line_1_35' title="bbox 467 2854 1881 2905; baseline -0.003 -6"><span class='ocrx_word' id='word_1_226' title='bbox 467 2858 510 2900; x_wconf 91' lang='lat' dir='ltr'>l.</span> <span class='ocrx_word' id='word_1_227' title='bbox 592 2854 747 2902; x_wconf 81' lang='lat'>1595:</span> <span class='ocrx_word' id='word_1_228' title='bbox 811 2854 858 2902; x_wconf 87' lang='grc'>3.</span> <span class='ocrx_word' id='word_1_229' title='bbox 905 2858 952 2903; x_wconf 88' lang='grc'>4.</span> <span class='ocrx_word' id='word_1_230' title='bbox 1010 2857 1053 2903; x_wconf 87' lang='grc'>5.</span> <span class='ocrx_word' id='word_1_231' title='bbox 1117 2856 1169 2905; x_wconf 85' lang='grc'><strong>6.</strong></span> <span class='ocrx_word' id='word_1_232' title='bbox 1253 2857 1406 2904; x_wconf 82' lang='grc'><strong>1597;</strong></span> <span class='ocrx_word' id='word_1_233' title='bbox 1465 2856 1512 2901; x_wconf 88' lang='grc'><strong>3.</strong></span> <span class='ocrx_word' id='word_1_234' title='bbox 1614 2854 1772 2903; x_wconf 89' lang='lat'><strong>1598:</strong></span> <span class='ocrx_word' id='word_1_235' title='bbox 1835 2854 1881 2898; x_wconf 84' lang='grc'><strong>4.</strong></span> 
     </span>
    </p>
   </div>
  </div>
 </body>
</html>
