1964 3440
1046 390 1084 455 ᾗ.
1136 396 1241 444 120.

498 508 697 587 Regia
734 512 1138 585 Depositore‘a‚
1194 512 1479 572 Fabroe'cae
1522 521 1580 571 et
1620 515 1757 571 alia.

564 642 849 691 Ultimatim
893 642 1215 708 Depositoria
1243 643 1426 710 Regia,
1462 643 1718 710 Magazina
1747 644 1836 693 Mi-

427 711 619 769 maria,
656 719 706 758 et
754 707 989 757 Fabricae
1023 710 1224 777 Regiae,
1261 711 1574 778 attingendae
1608 713 1833 760 veniunt.

426 777 748 844 Depositoria
785 786 834 824 et
863 777 1118 842 Magazina
1155 777 1441 844 deserviunt
1469 779 1530 826 ad
1565 781 1839 828 Conserva-

411 849 616 895 ‘tionem
646 846 950 912 provisionis
969 882 981 905 ‚
1008 846 1342 904 naturalium,
1370 865 1655 909 armorum,
1678 849 1841 895 muni-

428 915 607 974 tionis,
630 924 680 963 et
705 912 1024 961 diversorum
1047 912 1409 962 fabricatorum
1437 916 1642 964 militiae
1669 934 1839 964 neces-

428 984 698 1031 sariorum.
745 981 980 1030 Fabricae
1011 998 1130 1031 vero
1162 981 1468 1032 fabricandis
1503 984 1848 1050 Apparatibus

430 1061 480 1099 et
513 1051 865 1098 Instrumentis
884 1049 1101 1098 Bellicis.
1139 1050 1342 1100 Domus
1366 1052 1848 1113 Armamentarz'ae,

432 1122 484 1168 in
523 1118 713 1184 quibus
748 1120 1080 1165 instrumenta
1116 1117 1295 1167 bellica
1320 1133 1578 1184 parantur,
1615 1122 1668 1167 in
1708 1121 1849 1168 Hun-

431 1188 566 1254 garia
613 1187 738 1235 duae
797 1196 938 1246 sunt,
990 1184 1144 1233 altera
1186 1186 1390 1248 Eudae,
1445 1189 1600 1238 altera
1647 1189 1853 1237 Temes-

429 1257 602 1305 varini.
649 1254 822 1302 Pulvis
873 1254 1054 1318 Pyrius
1084 1291 1097 1314 ,
1146 1251 1211 1299 ad
1258 1256 1612 1322 monopolium
1661 1255 1850 1322 Regale

429 1324 717 1391 pertinenS,
768 1327 928 1371 1655:
972 1327 1049 1371 73.
1084 1324 1135 1370 in
1171 1321 1402 1387 pluribus
1443 1325 1567 1373 locis
1610 1325 1660 1370 in
1709 1325 1852 1371 Hun-

430 1394 564 1459 garia
598 1401 821 1458 paratur.
877 1390 962 1438 Sal
1004 1391 1124 1438 nitri
1164 1406 1284 1439 vero
1334 1391 1384 1438 in
1426 1391 1597 1440 multis
1632 1391 1757 1440 locis
1800 1393 1858 1439 li-

431 1462 549 1510 bere
592 1462 743 1526 coqui
791 1459 996 1520 solitus,
1047 1475 1161 1509 aere
1199 1459 1358 1527 Regio
1388 1497 1401 1521 ‚
1449 1471 1588 1511 certo
1630 1460 1847 1510 normali

430 1531 597 1596 pretio
633 1530 896 1578 coemitur.

851 1702 1164 1812 carn
1203 1708 1265 1774 'r
1330 1707 1440 1774 vi.

440 1857 582 1913 Jura
625 1857 804 1929 Regis
853 1853 1188 1927 Hungariae
1219 1852 1538 1908 Reservata
1579 1855 1638 1908 in
1675 1849 1852 1924 Objc-

905 1973 1011 2025 ctis
1053 1970 1090 2026 J
1093 1970 1404 2026 udiciariiS.

1026 2115 1066 2178 ς.
1110 2117 1222 2164 121.

766 2247 1214 2303 Admae'mlstratz‘o
1263 2241 1556 2301 ‚Iustitiae

552 2378 883 2427 Securitatem
902 2387 951 2427 et
966 2377 1352 2446 prosperitatem
1370 2376 1594 2424 Civitatis
1611 2376 1862 2425 internam

450 2448 679 2496 Justitiae
699 2455 896 2512 promta
924 2458 972 2495 et
987 2455 1126 2496 recta>
1147 2444 1549 2506 Administratio,
1577 2462 1727 2511 quam
1754 2442 1858 2492 effi·

451 2516 708 2565 cacissime
768 2525 1049 2581 promovet.
1115 2513 1213 2562 Per
1245 2530 1353 2561 eam
1402 2514 1534 2561 enim
1561 2524 1863 2579 procuratur

452 2584 691 2633 securitas
723 2583 1056 2634 Personarum
1073 2595 1124 2633 et
1144 2583 1350 2642 Rerum,
1382 2580 1617 2631 Conditio
1641 2581 1726 2630 illa
1755 2582 1863 2629 uni-

452 2671 526 2712 ca,
565 2668 694 2718 quae
724 2653 991 2702 Civitatem
1018 2651 1230 2713 firmam,
1270 2660 1545 2717 potentem,
1580 2650 1865 2707 florentem,

452 2733 680 2789 pacatam
722 2732 772 2769 et
824 2721 1019 2771 beatam
1051 2719 1260 2769 reddere
1290 2729 1486 2786 potest,
1516 2721 1696 2769 merito
1729 2720 1868 2783 itque

451 2791 657 2909 Jusgtial
673 2789 965 2925 Regnogum
994 2788 1396 2841 Fundamentum
1414 2788 1711 2858 appellatur.
1737 2787 1858 2837 Sen-

453 2876 511 2909 su
580 2875 637 2908 ro
662 2894 674 2908 .
706 2870 759 2910 tt.
789 2861 827 2910 Ι.
912 2864 954 2911 3.
1580 2868 1584 2872 ’

1092 2976 1104 2998 Ε
