1897 3440
140 422 300 468 teras,
337 426 478 459 causa
510 406 797 455 referendae
833 400 1089 469 amplioris
1121 400 1434 460 eruditionis,
1463 421 1542 450 ex·

138 479 318 538 mittit,
353 476 768 542 Evangeiieorum
800 469 1121 521 Consistoriis
1146 478 1194 515 et
1212 468 1428 532 Synodis
1448 482 1546 518 tam

142 545 228 593 diu
275 547 422 594 etiam
449 582 461 604 ,
506 544 663 592 donee
710 561 765 591 ea
804 541 1006 588 uberius
1057 533 1285 584 ordinata
1327 539 1544 598 fuerint,

142 615 378 677 invigilat.

139 752 187 805 ⁰)
244 751 531 806 Evangeliei,
561 752 624 791 uti
660 753 804 790 notum
834 753 921 796 est,
954 749 1141 789 eximias
1172 746 1248 788 has
1277 744 1549 789 Libertatem

243 808 540 850 Pacificationi
588 805 828 848 Viennensi
868 811 912 845 et
961 805 1168 845 Lincensi
1205 808 1548 855 sapen-structas,

245 866 443 917 inprimis
475 863 713 904 immortali
745 859 964 913 Leopoldo
998 859 1038 899 11
1058 890 1069 908 ,
1114 875 1161 901 ac
1202 859 1322 901 Viris
1353 859 1550 910 plurimis

246 935 271 960 e
300 919 426 960 Statu
456 917 780 960 catholicorum
811 919 854 958 in
886 915 1047 957 Diaeta
1081 919 1185 957 1790
1200 929 1277 966 pro
1309 915 1377 955 his
1394 913 1554 955 Liber-

243 976 408 1017 tatibus
445 973 772 1020 decidentibus,
803 975 847 1013 in
878 973 1068 1023 acceptis
1095 971 1342 1012 referendas
1375 971 1549 1011 habent.

244 1029 406 1072 Verum
446 1036 592 1072 tamen
635 1028 883 1080 Evangelici
924 1027 1063 1067 adhuc
1104 1033 1257 1068 tenore
1298 1026 1428 1079 hujus
1460 1028 1551 1068 26ti

244 1087 421 1128 articuli
449 1088 491 1127 in
520 1083 723 1125 Partibus
748 1083 884 1137 Regni
911 1082 1164 1134 Hungariae
1190 1082 1403 1130 adnexis,
1432 1085 1551 1133 quip-

247 1159 297 1195 pe
323 1142 563 1188 Dalmatia,
592 1140 812 1185 Slavonia,
846 1144 885 1178 et
905 1137 1099 1184 Croatia,
1132 1152 1156 1176 a
1183 1139 1456 1189 possessione
1471 1136 1554 1177 Bo-

247 1203 472 1244 norum,et
502 1196 554 1235 ab
575 1194 746 1236 Officiis
772 1193 994 1246 quibusvis
1023 1192 1226 1245 publicis,
1243 1192 1408 1233 exclusi
1437 1199 1549 1233 sunt.

243 1252 605 1295 Liberumtamen
633 1258 776 1292 manet
807 1249 1094 1304 Evangelieis,
1121 1251 1237 1290 avita
1268 1264 1342 1290 sua
1358 1249 1477 1298 Jura,
1508 1251 1549 1290 iu

247 1310 388 1349 medio
420 1323 569 1348 eorum
610 1309 737 1348 etiam
767 1305 1043 1360 Regnorum,
1085 1306 1303 1346 ordinaria
1332 1304 1448 1344 Juris
1477 1307 1547 1345 via

244 1363 542 1405 rev-indicandi
563 1391 576 1414 ‚
625 1365 666 1403 in
697 1376 833 1414 quae,
864 1365 899 1402 si
940 1363 1248 1413 possessorium
1283 1360 1429 1412 adepti
1456 1360 1551 1400 fue·

246 1423 355 1466 rint,
406 1418 534 1469 „Sua
559 1417 778 1469 lisajestas
807 1418 894 1459 sibe·
919 1423 1119 1458 reservat
1148 1417 1199 1457 de
1239 1429 1381 1457 eorum
1431 1416 1553 1456 iude-

246 1476 502 1516 mm'wtione
525 1475 770 1529 providere.
787 1474 817 1493 ‘⁶
858 1495 912 1501 —
948 1469 988 1527 ξ.
1022 1478 1088 1513 14.
1129 1495 1183 1502 —
1218 1472 1467 1527 Evangelici
1509 1474 1552 1512 in

245 1531 474 1585 Hungaria
503 1545 578 1571 sua
607 1529 785 1580 Templa
816 1537 857 1569 et
884 1528 1135 1580 Ministros‚
1164 1526 1362 1572 Schoias,
1395 1534 1436 1568 et
1461 1527 1550 1569 Do·

248 1594 398 1628 centes
438 1587 624 1639 propriis
673 1586 835 1626 viribus
879 1590 1127 1625 sustentant
1167 1590 1209 1624 et
1255 1586 1552 1629 intertenent:

245 1645 348 1684 item
377 1644 419 1683 in
450 1642 576 1682 Locis
603 1643 778 1682 usitatis
797 1672 809 1691 ,
839 1642 1065 1693 Episcopis
1095 1637 1334 1681 Catholicis
1361 1639 1552 1682 decimas

245 1705 485 1751 praestant.
514 1700 622 1740 Fora
652 1698 946 1738 ecclesiastica
973 1696 1224 1747 Evangelici
1243 1696 1356 1736 nulla
1376 1696 1551 1736 habent.

247 1754 416 1796 Causae
458 1767 610 1806 nempe
651 1767 796 1795 eorum
840 1753 1173 1794 Ecclesiasticae
1201 1754 1441 1802 tantisper,
1474 1753 1552 1793 do-

245 1825 324 1852 nec
348 1816 444 1851 acta
469 1825 613 1851 eornm
638 1809 902 1862 Synodalia,
924 1812 965 1849 in
996 1808 1148 1859 quibus
1174 1809 1302 1848 etiam
1328 1808 1438 1849 Fora
1467 1809 1549 1848 Ec-

225 1866 493 1915 ,clesiastica
523 1867 712 1907 ordinari
740 1871 947 1920 rogantur
965 1896 974 1912 ,
1005 1879 1080 1916 per
1107 1860 1235 1904 Suam
1264 1863 1551 1914 Majestatem

243 1925 387 1964 revisa
426 1926 470 1962 et
504 1921 737 1973 approbata
788 1923 977 1969 fuerint,
1009 1922 1165 1971 partim
1197 1934 1271 1969 per
1298 1918 1549 1960 Conventus

248 1993 395 2019 eorum
425 1977 764 2027 ecclesiasticos,
794 1979 906 2019 unde
922 1976 1140 2030 appellata
1170 1989 1305 2027 usque
1333 1976 1382 2015 ad
1403 1974 1548 2016 Thro-

241 2049 338 2075 num
378 2034 441 2074 Re
474 2036 559 2074 ium
588 2039 745 2086 patet,
787 2035 942 2086 partim
977 2045 1106 2080 vero,
1140 2038 1183 2070 et
1211 2032 1253 2071 in
1284 2034 1427 2083 specie
1447 2046 1545 2072 cau=

242 2105 316 2132 sae
332 2090 602 2137 divortiales,
621 2104 695 2140 per
725 2091 816 2131 fora
833 2088 992 2131 Cixilia
1010 2087 1326 2129 Comitatensia
1345 2087 1546 2127 decidun-

244 2154 329 2188 tur·
358 2141 477 2188 Tota
501 2146 586 2187 Res
603 2144 907 2186 Ecclesiastica
941 2142 1295 2195 Evangelicorum
1323 2145 1547 2194 utriusque

245 2203 293 2244 C,
321 2201 581 2257 gubernatur
618 2216 692 2253 per
720 2202 832 2243 Octo
864 2199 1319 2252 Super-intendentias,
1354 2200 1422 2250 qui
1456 2199 1547 2239 suf-

244 2257 396 2310 fragiis
447 2256 713 2312 singularum
767 2255 1204 2309 Superintendentiae
1245 2256 1548 2296 concernentia

247 2312 535 2354 Ecclesiarum
582 2311 821 2363 eliguntur.
883 2311 1024 2350 Habet
1065 2319 1290 2362 praeterea
1326 2325 1381 2350 ex
1422 2317 1546 2362 parte

246 2368 526 2424 Augustanae
557 2368 830 2414 Confessioni
859 2368 1138 2409 Addicrorum
1169 2367 1339 2417 singula
1365 2373 1546 2419 quatuor

246 2423 741 2475 Superintendentiarum
766 2438 885 2466 suum
911 2424 1228 2462 Districtualem
1246 2424 1545 2472 Inspectorem,

245 2481 395 2534 quibus
433 2487 599 2532 praeest
638 2494 743 2520 unus
777 2481 994 2523 Generalis
1037 2480 1262 2531 Inspector.
1299 2479 1545 2518 Helveticae

244 2537 505 2576 Confessioni
543 2536 726 2584 addicti,
769 2549 892 2589 penes
924 2536 1154 2588 quemlibet
1187 2536 1542 2587 Superintenden-

243 2597 328 2634 tem
357 2590 606 2644 Supremum
629 2591 876 2634 curatorem
894 2619 905 2637 ᾖ
936 2612 987 2621 -·-
1012 2590 1257 2631 Genea-alem
1286 2597 1422 2631 autem
1450 2592 1544 2630 nul-

241 2649 330 2687 lum
349 2675 362 2695 ‚
393 2648 630 2690 habent.·—-·
657 2649 731 2689 His
760 2649 978 2699 supremis
994 2647 1269 2691 (iuratoribus
1296 2655 1339 2688 et
1371 2651 1542 2686 attactis

243 2704 588 2744 Districtualibus
617 2705 932 2756 Inspectoribus
959 2703 1135 2744 subsunt
1158 2702 1417 2753 inspectores
1437 2704 1542 2743 Tra-

244 2760 405 2802 ctuales
426 2774 472 2799 ac
500 2763 730 2811 respective
754 2759 989 2802 Seniorales
1006 2787 1018 2807 ,
1043 2759 1196 2811 quibus
1230 2761 1377 2803 itidem
1408 2758 1538 2800 Loca-

242 2815 304 2859 les
333 2815 614 2862 Ecclesiarum
646 2816 909 2872 inspectores
937 2815 1284 2858 subordinantur.

642 2889 692 2910 -13,
