1897 3440
655 245 988 289 ...39-

561 417 923 486 CAPUT
991 417 1067 480 V.

114 559 513 633 Complectens
565 561 706 614 Jura
749 560 925 633 Regis
960 560 1275 615 Reservata
1309 563 1366 614 in
1395 560 1511 614 Re„-

512 655 615 708 bus
646 654 798 711 Belli
829 663 888 710 et
919 655 1101 709 Pacis,
1141 707 1143 711 ,

708 801 750 864 ᾗ.
795 805 906 850 109.

101 927 404 983 Historica
424 925 818 986 consideratio
834 922 996 981 Juris
1011 924 1199 992 Belli,
1233 934 1289 982 et
1316 925 1510 985 Pacis.

240 1056 369 1104 Cum
394 1055 649 1121 integritas
667 1091 680 1114 ,
708 1056 947 1102 securitas
964 1091 976 1115 ‚
1006 1065 1056 1104 et
1082 1057 1213 1107 salus
1238 1058 1398 1124 Regni
1427 1076 1510 1105 ex-

107 1133 248 1172 terna
277 1141 380 1171 non
405 1123 551 1182 alias,
586 1123 678 1170 nisi
709 1121 882 1182 Bello,
919 1133 969 1171 et
1003 1124 1131 1173 Pace
1170 1128 1430 1191 procurari
1464 1136 1513 1172 et

100 1191 381 1242 conservari
422 1190 617 1247 valeat,
667 1191 756 1238 Jus
798 1190 957 1251 Belli,
1019 1202 1069 1240 et
1116 1194 1256 1242 Pacis
1297 1193 1360 1241 ad
1391 1198 1510 1241 emi-

102 1259 390 1310 nentissima
421 1258 542 1304 Jura
580 1259 727 1324 Regis
757 1259 1009 1324 pertinere
1041 1259 1184 1310 facile
1213 1271 1365 1328 patet.

238 1324 464 1383 Qualiter
493 1326 586 1374 sub
620 1325 853 1375 Ladislao
892 1326 1076 1377 Sancto
1106 1340 1155 1377 et
1183 1329 1443 1379 Ludovico
1474 1330 1512 1376 I.

101 1397 188 1463 qui
216 1394 361 1462 plura
390 1391 521 1441 bella
549 1406 838 1461 gesserunt,
882 1412 938 1444 ac
971 1397 1219 1463 subseque
1261 1416 1420 1463 usque
1451 1397 1514 1444 ad

101 1474 329 1529 tempora
359 1461 660 1528 Sigismundi
687 1481 802 1510 cum
837 1463 1059 1513 Statibus
1084 1477 1135 1513 et
1171 1465 1284 1514 OO.
1324 1467 1513 1531 Regni,

99 1531 162 1579 de
205 1528 376 1589 Bello,
413 1531 463 1577 et
499 1530 622 1579 Pace
650 1531 811 1598 Reges
845 1532 1288 1594 consuitaverint,¹
1321 1552 1383 1583 ex
1413 1535 1510 1580 De·

99 1601 248 1649 cretis
276 1598 472 1646 Nostris
499 1615 602 1648 non
634 1609 784 1664 patet.
832 1599 939 1649 Sub
970 1599 1315 1665 Sigismundo,
1354 1603 1414 1649 D.
1449 1603 1510 1648 V.

106 1679 148 1719 ι.
187 1677 237 1715 et
274 1665 505 1730 pluribus
547 1667 816 1728 Articulis,
846 1670 991 1716 unice
1034 1668 1094 1716 de
1132 1668 1376 1718 Subsidiis
1417 1669 1513 1716 fuit

103 1751 281 1784 sermo.
321 1731 427 1780 Sub
457 1734 670 1784 Alberto
696 1737 756 1784 R.
782 1736 1013 1784 Articulo
1039 1741 1082 1785 3.
1112 1747 1349 1785 statutum
1369 1737 1512 1795 fuit,“

99 1821 199 1863 „ne
225 1799 445 1850 Nobiles
482 1806 640 1850 inviti
671 1811 829 1852 extra
859 1805 1090 1870 Regnum
1125 1822 1272 1853 more
1306 1809 1508 1853 exerci-

101 1874 367 1920 wantiam
402 1871 768 1921 educantur.“
819 1871 926 1921 Sub
966 1871 1198 1921 Ladislao
1225 1873 1274 1919 II
1305 1873 1506 1921 Decreti

100 1937 210 2001 ejus
236 1938 448 1989 articulo
478 1945 524 1986 4.
565 1941 804 1988 statutum
831 1950 969 1999 erat,
1005 1941 1143 2005 quod
1193 1940 1411 1988 Nobiles
1455 1945 1508 1986 in

102 2009 339 2055 Persona
368 2014 423 2054 et
445 2023 549 2070 per
579 2009 788 2072 singula
823 2009 1023 2073 Capita
1067 2013 1120 2056 iu
1151 2009 1352 2056 Bellum
1376 2025 1507 2074 pro-

91 2078 283 2138 ficisci
314 2083 615 2125 teneantur.
669 2077 809 2123 Onus
847 2086 896 2123 et
940 2074 1178 2124 Officium
1214 2076 1510 2124 defendendi

97 2144 275 2208 Regni,
310 2152 360 2190 et
389 2142 625 2208 quidem,
665 2145 764 2203 „de
799 2147 909 2192 suis
936 2144 1332 2206 proveutz'bus‚“
1371 2146 1509 2210 ipsos

12 2226 15 2229 ⁴
99 2211 261 2272 Reges
311 2211 575 2270 mansisse,
614 2221 750 2276 patet
795 2229 857 2260 ex
905 2212 1123 2260 Decreto
1162 2211 1506 2277 Szilagyiano‚

105 2281 266 2330 1458:
302 2281 345 2326 2.
384 2295 486 2343 quo
536 2280 710 2338 „Regi
737 2287 790 2327 et
825 2281 938 2342 ejus
972 2279 1213 2329 Militiae
1252 2280 1506 2342 Defensio

101 2348 283 2409 Regni
313 2347 654 2409 injungitur.“
694 2345 930 2395 Mathiam
949 2347 1155 2410 Regem,
1186 2349 1273 2395 Jus
1299 2350 1424 2397 Belli
1459 2361 1509 2396 et

99 2415 239 2463 Pacis
269 2415 567 2475 exercuisse,
603 2424 739 2479 patet
774 2432 835 2461 ex
868 2412 977 2480 ejus
1008 2417 1222 2464 Decreto
1261 2417 1359 2464 IV:
1392 2423 1501 2466 1.2.

101 2481 282 2547 quibus
308 2482 466 2530 eidem
495 2500 556 2530 eo
583 2482 731 2540 fine,“
768 2490 828 2532 ut
856 2499 1069 2532 suorum
1091 2485 1393 2547 Regnorum
1420 2504 1503 2534 ue·

103 2555 378 2609 cessitati,
427 2550 706 2612 libertati,
756 2556 1179 2613 restaurationi,
1228 2570 1291 2601 ac
1319 2555 1495 2618 defen·

99 2623 243 2667 sioni
260 2618 548 2682 providere
584 2621 812 2680 valeat,“
851 2619 1128 2668 subsidium
1149 2620 1374 2669 oblatum
1402 2624 1504 2670 sue-

106 2697 194 2733 rat.
245 2687 321 2734 Ex
359 2686 461 2747 his,
492 2686 580 2733 Jus
627 2689 784 2749 Belli,
831 2699 880 2736 et
911 2687 1050 2737 Pacis
1077 2692 1345 2755 antiquitus
1373 2693 1501 2757 apud

99 2755 257 2819 Reges
283 2754 446 2815 fuisse,
476 2756 611 2820 quod
643 2756 859 2807 etmodo
884 2756 1017 2822 apud
1045 2757 1158 2805 illos
1189 2769 1277 2818 est,
1310 2763 1499 2826 perspiw

97 2825 137 2869 ci
178 2833 368 2889 potest,
417 2828 642 2890 quamvis
692 2825 742 2874 id
778 2827 925 2876 etiam
955 2836 1151 2875 eertum
1183 2828 1272 2886 sit,
1313 2830 1491 2896 quod-j
