1964 3440
914 177 1283 222 —136—

386 304 523 353 lium
546 323 641 368 per
671 305 846 353 Suam
873 307 1238 365 Maiestatem
1272 307 1576 371 eligendos“
1597 305 1801 356 habens„

386 373 569 420 adsunt
596 384 852 438 praeterea
878 376 939 424 ad
970 394 1078 425 eam
1109 378 1373 444 complura
1399 376 1686 426 subalterna
1706 377 1795 425 Os.

384 439 495 490 ficia
525 450 575 491 et
603 440 879 490 Individua.
1704 446 1706 449 ’

984 587 1024 645 ς’.
1065 589 1178 641 162.

449 702 733 790 *Sphaeral
749 703 1090 762 Actz‘vz‘tatz‘s
1118 708 1407 764 Excelsae
1435 709 1710 786 Gamerae

963 796 1208 872 Regiae.
1281 842 1283 846 ,
1582 797 1586 801 ’

507 927 718 978 Excelsa
745 930 954 978 Camera
986 931 1142 995 Regia
1175 929 1237 978 ab
1266 929 1374 978 aliis
1403 931 1690 980 Dicasteriis
1717 931 1792 976 in«

379 995 666 1064 dependens
680 1009 753 1046 est
771 1015 782 1046 t
803 1003 930 1047 1608
949 1017 958 1046 ε
976 1005 1019 1048 5.
1042 1003 1194 1050 1622:
1218 1003 1296 1051 18.
1323 1009 1373 1047 et
1395 1017 1509 1048 cum
1540 998 1796 1065 Imperiali

376 1065 557 1114 Aulica
577 1067 783 1115 Camera
798 1085 900 1115 non
918 1069 1009 1116 nisi
1027 1070 1211 1115 intuitu
1244 1067 1674 1134 impetrandarum
1692 1083 1794 1114 non

376 1133 634 1182 nullarum
659 1136 1049 1184 Resolutionum
1067 1135 1356 1202 Regiarum,
1385 1134 1636 1201 inquibus
1669 1133 1791 1201 Opi-

376 1205 461 1251 nio
500 1203 738 1251 Camerae
782 1205 966 1268 Regiae
1007 1205 1643 1267 Hungaricaefnecessaria
1691 1213 1798 1266 est,

377 1271 763 1336 correspondet:
821 1277 977 1320 1715:
1016 1277 1060 1321 8.
1104 1278 1264 1322 1741:
1306 1277 1382 1321 14.
1434 1272 1797 1319 Instructiones

375 1357 487 1387 suas
515 1357 542 1385 a
566 1339 720 1404 Regia
742 1341 1005 1408 Majestate
1038 1340 1249 1404 obtinet,
1282 1344 1434 1403 1⁷..23²
1476 1343 1551 1389 16.
1593 1339 1796 1404 Dirigit,

374 1417 426 1455 et
482 1408 799 1460 Auctoritat'e
856 1427 946 1458 sua
992 1427 1227 1476 suprema
1265 1409 1597 1457 administrari
1654 1416 1798 1455 curat

374 1478 541 1524 omnia
573 1476 711 1523 Bona
753 1477 1023 1526 Coronalia
1053 1489 1102 1526 et
1131 1477 1411 1527 Cameralia
1441 1478 1545 1524 sive
1573 1474 1793 1533 fiscalia,

369 1546 553 1591 intuitu
587 1563 806 1610 quorum
854 1564 945 1612 per
994 1545 1176 1595 Sacrae
1202 1549 1431 1595 Coronae
1464 1545 1627 1609 Regni
1651 1544 1795 1590 Hun-

373 1614 537 1677 gariae
574 1614 844 1674 Fiscalem,
888 1632 1073 1681 nempe
1102 1613 1671 1678 CausarumRegalium
1707 1611 1796 1659 Di-

375 1690 664 1742 rectorem,
708 1685 867 1732 active
902 1693 950 1732 et
982 1685 1207 1749 passive,
1250 1683 1389 1732 velut
1425 1683 1574 1730 ceteri
1611 1679 1796 1745 Regni-

376 1749 545 1809 colae,
593 1749 789 1817 litigare
848 1762 897 1800 et
955 1753 1223 1800 hiri—stare
1255 1762 1474 1800 tenetur:
1519 1754 1675 1800 1598:
1712 1751 1792 1796 39.

380 1821 532 1868 1659;
569 1823 649 1867 40.
699 1820 908 1870 Excelsa
953 1822 1161 1868 Camera
1194 1820 1348 1886 Regia
1375 1838 1461 1880 eo,
1494 1817 1632 1884 quod
1662 1818 1795 1865 Civi-

374 1896 499 1933 tates
533 1886 742 1936 Liberae
780 1907 834 1937 ac
862 1890 1047 1954 Regiae
1079 1889 1340 1937 Peculium
1372 1889 1582 1954 Regium
1610 1885 1794 1936 consti·

374 1962 544 2013 tuant,
593 1972 766 2002 earum
803 1958 1287 2022 manipulationibus
1333 1957 1685 2005 Oeconomicis
1711 1970 1790 1999 su-

370 2023 661 2089 peri'nspici't
678 2022 710 2083 ‚³
729 2033 778 2071 et
800 2021 862 2070 ab
889 2025 946 2072 iis
982 2026 1225 2073 Rationes
1252 2024 1491 2091 deposcit.
1522 2023 1709 2071 Eadem
1728 2017 1791 2067 ad

373 2089 684 2139 Collationes
725 2092 985 2143 Bonorum
1032 2111 1059 2139 a
1092 2092 1191 2140 Sua
1224 2091 1485 2158 Majestate
1514 2093 1789 2157 impetran-

372 2159 585 2219 dorum,
636 2161 866 2225 inprimis
895 2170 1129 2226 respectu
1165 2178 1342 2209 eorum
1378 2161 1563 2208 valoris
1581 2169 1630 2207 et
1648 2158 1790 2205 aestin

374 2230 607 2276 mationis
632 2229 810 2287 influit,
835 2247 936 2277 non
969 2230 1090 2277 item
1119 2228 1179 2276 ad
1205 2229 1501 2277 collationes
1531 2229 1793 2277 Novarum

374 2297 716 2346 Donationum
737 2334 749 2358 ‚
783 2314 911 2362 quae
937 2297 1126 2363 absque
1161 2288 1354 2345 influxu
1385 2294 1631 2345 Camerali
1662 2292 1789 2341 obti-

371 2367 478 2412 neri
510 2377 734 2431 possunt.
791 2372 940 2417 1741:
975 2370 1050 2418 19.
1087 2391 1152 2403 —-
1206 2367 1298 2414 Rei
1331 2366 1711 2415 Montanisticae
1740 2370 1792 2408 et

368 2433 518 2491 Salis,
546 2452 602 2483 ac
620 2436 1025 2496 Tricesimarum‚
1055 2443 1204 2499 atque
1223 2435 1373 2483 totius
1392 2435 1669 2482 Proventus
1693 2431 1790 2478 Re-

370 2504 444 2563 gis
483 2502 695 2569 etRegni
734 2497 988 2570 Inspectio
1022 2513 1070 2552 et
1111 2502 1597 2561 Administratratio‚
1627 2515 1786 2564 aeque

373 2571 638 2626 Excelsam
676 2573 937 2620 Cameram
965 2572 1173 2640 Regiam
1193 2573 1496 2639 respiciunt:
1527 2575 1680 2620 1741:
1714 2572 1790 2620 14.

374 2644 527 2688 1790:
560 2645 642 2690 22.
686 2645 839 2692 1792:
878 2645 922 2689 8.
963 2646 1038 2690 14.
