1964 3440
953 242 1293 286 ...48-

411 376 592 424 Crucis
637 372 899 436 stellatae,
961 377 1195 426 conferre
1243 376 1396 437 solet,
1458 394 1586 443 quae
1628 379 1830 429 demum

420 444 699 492 Dominae
755 444 944 494 Crucis
982 447 1257 495 Stellatae
1301 446 1838 512 (Rreugstetnaeffiamen)

410 509 795 577 compellantur.
876 514 1066 564 Ordine
1121 516 1216 564 hoc
1272 517 1321 563 in
1379 517 1634 581 Hungaria
1699 536 1833 567 nunc

411 582 480 629 66
505 581 769 644 Dominae,
799 581 1074 634 Stemmate
1090 595 1139 633 et
1164 583 1449 634 Virtutibus
1474 585 1704 652 insignes,
1730 586 1834 655 glo·

411 650 628 698 riantur.

865 816 1231 884 CAPUT
1299 820 1386 891 ΙΙ.

411 954 822 1032 complectens
861 957 1007 1014 Jura
1046 960 1226 1033 Regis
1253 960 1575 1019 Reservata
1614 967 1672 1019 in
1712 959 1832 1018 Ob-

791 1052 966 1121 jectis
1005 1052 1451 1108 Ecclesiasticis.

1037 1181 1076 1244 §5-
1129 1186 1205 1230 57.

720 1301 1059 1375 Belzgz'ones
1101 1306 1159 1357 in
1198 1301 1528 1376 Hungarae’a.

544 1436 672 1483 Cum
705 1435 754 1482 in
787 1436 1043 1502 Hungaria
1075 1445 1294 1503 quatvor
1324 1434 1577 1502 legetenus
1606 1444 1834 1501 receptae

418 1501 695 1570 Religionis
725 1502 1033 1553 Christianae
1065 1505 1267 1571 Species
1290 1504 1528 1564 existant,
1565 1513 1744 1569 utpote
1771 1505 1834 1550 A.

414 1573 617 1639 Religio
651 1573 884 1621 Romano
906 1572 1226 1633 -Catholica,
1263 1572 1312 1621 S.
1347 1571 1587 1638 Stephani
1619 1571 1755 1618 Libr.
1797 1572 1834 1618 I.

410 1642 532 1707 Cap.
571 1652 612 1691 1.
646 1644 798 1693 1723:
830 1646 872 1689 2.
908 1640 986 1690 Ad
1015 1643 1141 1690 hanc
1171 1643 1317 1689 etiam
1337 1640 1534 1706 Religio
1552 1640 1728 1687 Graeci
1753 1641 1836 1686 Ri-

412 1720 494 1757 tus
546 1711 818 1758 Unitorum
846 1712 950 1760 sive
983 1709 1360 1759 Catholicorum
1378 1708 1608 1756 refertur.
1650 1709 1708 1754 B.
1730 1708 1828 1754 Re-

412 1776 534 1843 ligio
593 1779 770 1826 Graeci
811 1780 959 1827 Ritus
999 1781 1372 1828 Nonunitorum
1424 1782 1578 1826 1790:
1625 1781 1699 1827 10.
1753 1782 1836 1824 27.

421 1847 479 1893 C.
525 1847 723 1912 Religio
786 1847 1090 1912 Evangelica
1141 1850 1462 1913 Augustanae
1521 1845 1837 1893 Confessioni
1898 1876 1901 1879 -

412 1913 753 1964 Addictorum
773 1952 784 1973 ,
825 1927 873 1962 et
906 1919 970 1966 D.
1002 1915 1200 1982 Religio
1221 1914 1516 1981 Evangelica
1548 1913 1838 1962 Helveticae

408 1982 728 2033 Confessioni
765 1984 1109 2033 Addictorum.
1154 1983 1308 2036 1608:
1349 1991 1389 2032 1.
1433 1987 1584 2032 1790:
1617 1986 1698 2032 26.
1737 1982 1835 2028 Ita-

409 2069 510 2118 que
539 2052 660 2099 Jura
703 2051 855 2116 Regis
892 2053 1181 2118 Hungariae
1221 2069 1427 2119 quoque
1466 2065 1697 2117 respectu
1728 2051 1834 2105 ,sin-

410 2119 645 2187 gularum
678 2117 855 2167 harum
882 2120 1206 2189 Religionum
1230 2119 1458 2187 specifice
1474 2117 1831 2170 consideranda

409 2190 634 2236 veniunt.

1035 2315 1075 2377 ς.
1118 2318 1194 2364 58.

400 2425 480 2493 A.
529 2434 677 2494 Jura
705 2434 890 2512 Regis
927 2437 1007 2493 H.
1035 2435 1357 2494 Reservata
1382 2443 1455 2494 -ae'n
1498 2435 1682 2494 Rebus
1709 2434 1828 2493 Re-

500 2534 735 2608 lzgoe‘onz‘s
765 2536 1068 2591 Ecclesiae
1100 2530 1735 2596 Romano-Catholicae.

703 2668 750 2720 l.
791 2663 895 2722 ‚Ius
926 2665 1285 2722 Patronatus
1325 2661 1530 2740 Regis.

549 2776 670 2823 Jura
701 2778 849 2844 Regis
883 2778 1151 2826 Reservata
1183 2779 1233 2824 in
1262 2777 1430 2827 Rebus
1449 2778 1700 2830 Ecclesiae
1725 2777 1826 2825 Ro·

413 2845 893 2895 mano-Catholicae
935 2847 984 2893 in
1018 2846 1332 2912 temporibus
1369 2847 1420 2896 S.
1448 2846 1685 2913 Stephani
1726 2848 1831 2896 ori·
1910 2900 1918 2908 ὁ
