1897 3440
645 249 840 294 ....=21
914 271 978 281 .-

92 385 245 430 1600:
299 385 343 429 3.
405 385 554 431 1611:
597 386 642 430 2.
697 383 848 428 1681:
901 384 975 428 12.
1026 383 1186 429 1715:
1237 384 1284 432 8.
1349 387 1498 432 1791:

97 454 172 499 19.
229 452 383 497 182⁷:
423 456 468 497 4.

224 518 415 565 Exorto
443 529 606 564 tamen
637 533 751 564 casu
769 552 782 576 ,
819 515 870 561 in
896 531 1001 581 quo
1026 514 1280 579 inopinata
1307 515 1500 567 hostilis

87 586 276 633 invasio
323 603 521 633 omnem
566 584 825 632 diaetalem
866 593 1166 632 conventum
1204 583 1501 650 impediret,

87 650 189 701 Sua
217 651 469 718 Majestas,
496 662 769 702 convocato
793 649 1042 712 Palatino,
1078 661 1127 699 et
1158 651 1376 702 Primate
1405 655 1500 702 Re-

85 722 169 786 gni
187 758 198 778 ‚
252 723 373 769 item
419 719 678 781 Praelatis,
742 719 1049 778 Baronibus,
1102 719 1297 768 Tabula
1348 723 1502 788 Regia

89 787 387 850 Judiciaria,
424 790 633 855 aliisque
663 788 995 837 Comitatibus
1022 796 1072 836 et
1113 786 1308 837 Liberis
1335 790 1503 856 Regiis

89 857 414 918 Civitatibus,
451 876 553 923 quo
581 857 914 922 frequentiori
941 872 1151 903 numero
1175 854 1282 904 fieri
1316 866 1503 924 potest,

83 941 170 984 ea,
207 942 334 991 quae
361 924 548 973 utilitas
573 935 622 973 et
651 926 913 973 necessitas
931 925 1089 992 Regni
1121 926 1503 988 postulaverint,

90 991 370 1041 deliberare
398 1003 448 1042 et
490 994 757 1042 decernere
788 1001 979 1055 potest:
1038 996 1187 1042 1⁷15:
1241 996 1286 1043 8.
1349 998 1503 1043 1741:

94 1064 172 1107 22.
214 1066 367 1110 1⁷91:
409 1064 485 1108 19.

70 1144 74 1154 ·
226 1123 624 1177 Contributionis
652 1125 821 1172 Genus
865 1122 1052 1191 duplex
1092 1142 1226 1186 esse,
1273 1124 1409 1172 aliud
1436 1127 1509 1174 ad

96 1195 322 1242 Cassam
354 1194 641 1253 Bellicam,
675 1210 770 1258 pro
787 1193 1159 1241 necessitatibus
1174 1195 1355 1260 Regni3
1373 1193 1508 1242 aliud

92 1264 165 1311 ad
188 1264 406 1311 Cassam
434 1261 800 1321 Home-sticum,
828 1278 920 1327 pro
936 1261 1313 1310 necessitatibus
1342 1264 1507 1311 Comi·

95 1341 290 1378 tatuum
307 1329 521 1397 dependi
539 1328 752 1391 solitam,
773 1329 931 1395 probe
948 1340 1156 1392 constat,
1176 1330 1319 1382 1764:
1349 1335 1427 1379 21.

92 1434 132 1491 ⁶)
165 1433 509 1477 Contributionis
536 1437 738 1486 quantum
758 1430 811 1473 ab
837 1445 922 1473 una
944 1431 1107 1475 Diaeta
1132 1432 1186 1474 ad
1219 1431 1354 1475 aliam
1377 1433 1509 1476 offer·

144 1497 215 1532 tur
245 1495 291 1532 et
329 1491 666 1532 determinatur,
712 1488 790 1529 sed
832 1501 965 1540 neque
1009 1487 1338 1540 inarticulatum
1370 1505 1509 1543 neque

143 1545 318 1597 Status,
356 1552 401 1587 et
428 1545 613 1587 Ordines
644 1557 722 1596 pro
750 1556 801 1585 eo
831 1541 1087 1598 fidejubent.
1129 1546 1251 1586 Onus
1277 1559 1377 1586 vero
1406 1560 1509 1588 con-

149 1601 404 1644 tributionis
435 1601 668 1643 solvendae
705 1612 914 1652 personae
942 1599 1251 1643 contribuentis
1278 1601 1510 1643 inhaeret:

144 1657 279 1699 17412
312 1662 353 1700 8.
382 1677 438 1686 ——
471 1655 654 1697 Ratione
678 1654 937 1707 systematis
965 1656 1356 1700 Contributionalis
1384 1657 1511 1700 Hun-

142 1715 262 1770 garia
300 1715 346 1754 in
389 1726 541 1754 novem
569 1711 809 1754 Districtus
842 1712 979 1755 divisa
1017 1720 1113 1761 est,
1159 1718 1330 1764 praeter
1363 1713 1510 1757 Comi-

141 1775 259 1811 tatus
287 1767 556 1810 Limitaneos
595 1763 974 1819 Tmusilvnnicns,
1006 1772 1110 1811 item
1147 1769 1343 1823 Regnum
1373 1769 1510 1810 Croe-

144 1826 264 1873 tiae,
294 1832 340 1864 et
361 1822 524 1866 Urbem
544 1821 880 1873 Fluminensem‚
907 1839 1015 1877 quae
1043 1826 1247 1878 nequead
1279 1825 1512 1866 Aerarium

145 1879 401 1936 Hungariae
421 1879 710 1921 contribuunt.
742 1879 858 1921 Tota
874 1879 1097 1937 Hungaria
1113 1894 1224 1921 nunc
1250 1880 1379 1921 titulo
1399 1879 1514 1922 Con-

146 1935 397 1977 tributionis
410 1939 640 1987 4‚390‚000
655 1935 699 1977 fl.
719 1934 854 1977 Conv.
884 1935 945 1976 Μ.
976 1937 1029 1977 ad
1079 1935 1406 1988 dependendum
1433 1936 1514 1977 ha·

145 1991 249 2038 bet,
280 2013 335 2021 —
358 1989 556 2044 Speciem
584 1998 731 2031 certae
760 1991 1110 2033 Contributionis
1145 1994 1238 2044 jam
1261 1993 1513 2044 antiquissi-

150 2048 233 2099 mis
248 2047 515 2100 temporibus
532 2047 773 2096 exstitisse,
795 2048 940 2088 innuit
975 2048 1105 2089 Andr.
1139 2047 1204 2088 112
1234 2047 1292 2086 D.
1320 2047 1363 2088 1:
1394 2050 1434 2088 3.
1457 2069 1512 2077 —

151 2101 252 2145 Car.
280 2099 313 2140 Ι.
345 2101 400 2144 D.
428 2125 480 2134 —
505 2102 618 2145 Lud.
645 2100 701 2143 D.
738 2098 771 2144 1.
798 2107 838 2146 4.
869 2123 922 2131 --

728 2226 767 2287 §·
806 2229 883 2273 23.

158 2345 472 2404 Portarum
508 2348 938 2405 connumeratio
969 2355 1028 2405 et
1058 2349 1456 2424 Rectfflcatz‘o.
1500 2366 1511 2409 †

233 2492 456 2542 Lucrum
483 2494 750 2556 Gamerae,
787 2495 890 2543 sive
931 2497 1250 2547 Contributio
1299 2500 1422 2565 Regi
1461 2502 1514 2549 in

100 2562 309 2629 pecunia
343 2561 509 2608 offerri
551 2563 724 2623 solita,
770 2561 872 2630 jam
915 2565 1006 2613 sub
1055 2567 1241 2616 Carolo
1278 2568 1316 2615 I.
1369 2573 1512 2620 1342.

100 2629 141 2692 ᾗ.
181 2635 256 2680 19.
284 2629 402 2676 item
432 2628 736 2695 Sigismundi
777 2633 837 2680 D.
875 2633 967 2682 IV:
1003 2638 1046 2681 1.
1075 2641 1120 2684 2.
1155 2654 1179 2682 a
1209 2637 1356 2684 certis
1394 2656 1512 2704 por·

99 2697 189 2756 tis,
227 2714 317 2763 per
334 2714 456 2762 quas
477 2715 652 2746 currus
682 2701 868 2749 intrare
902 2709 951 2748 et
979 2705 1114 2752 exire
1144 2713 1355 2769 poterat,
1385 2707 1513 2756 solvi

103 2763 328 2813 debebat.
378 2764 549 2813 Serius
575 2767 839 2817 Portarum
880 2767 1058 2819 harum
1105 2777 1513 2835 connumeratio,

103 2834 346 2900 regulatio
385 2844 434 2882 et
477 2833 767 2890 rectificatio
811 2837 1009 2888 Diaetas
1041 2840 1257 2890 multum
1301 2860 1512 2910 occupa-
