<?xml version="1.0" encoding="UTF-8"?>
<!DOCTYPE html PUBLIC "-//W3C//DTD XHTML 1.0 Transitional//EN"
    "http://www.w3.org/TR/xhtml1/DTD/xhtml1-transitional.dtd">
<html xmlns="http://www.w3.org/1999/xhtml" xml:lang="en" lang="en">
 <head>
  <title>
</title>
<meta http-equiv="Content-Type" content="text/html;charset=utf-8" />
  <meta name='ocr-system' content='tesseract 3.04.00' />
  <meta name='ocr-capabilities' content='ocr_page ocr_carea ocr_par ocr_line ocrx_word'/>
</head>
<body>
  <div class='ocr_page' id='page_1' title='image "./statuspoliticoju00blas_0118.png"; bbox 0 0 1964 3440; ppageno 0'>
   <div class='ocr_carea' id='block_1_1' title="bbox 927 255 1296 303">
    <p class='ocr_par' dir='ltr' id='par_1_1' title="bbox 927 255 1296 303">
     <span class='ocr_line' id='line_1_1' title="bbox 927 255 1296 303; baseline 0 -1"><span class='ocrx_word' id='word_1_1' title='bbox 927 255 1296 303; x_wconf 86' lang='lat'>-108—</span> 
     </span>
    </p>
   </div>
   <div class='ocr_carea' id='block_1_2' title="bbox 404 390 1900 2923">
    <p class='ocr_par' dir='ltr' id='par_1_2' title="bbox 404 390 1851 1329">
     <span class='ocr_line' id='line_1_2' title="bbox 406 390 1820 460; baseline -0.003 -16"><span class='ocrx_word' id='word_1_2' title='bbox 406 393 669 458; x_wconf 65' lang='lat' dir='ltr'><strong>volutum,</strong></span> <span class='ocrx_word' id='word_1_3' title='bbox 710 392 840 446; x_wconf 77' lang='lat' dir='ltr'><strong>bene</strong></span> <span class='ocrx_word' id='word_1_4' title='bbox 879 396 1058 445; x_wconf 78' lang='lat' dir='ltr'><strong>merito</strong></span> <span class='ocrx_word' id='word_1_5' title='bbox 1100 393 1292 443; x_wconf 80' lang='lat' dir='ltr'><strong>Patriae</strong></span> <span class='ocrx_word' id='word_1_6' title='bbox 1320 393 1459 452; x_wconf 72' lang='lat' dir='ltr'><strong>civi,</strong></span> <span class='ocrx_word' id='word_1_7' title='bbox 1506 390 1617 460; x_wconf 77' lang='lat' dir='ltr'><strong>jure</strong></span> <span class='ocrx_word' id='word_1_8' title='bbox 1643 408 1820 460; x_wconf 86' lang='lat' dir='ltr'><strong>perpe-</strong></span> 
     </span>
     <span class='ocr_line' id='line_1_3' title="bbox 404 460 1823 528; baseline -0.002 -17"><span class='ocrx_word' id='word_1_9' title='bbox 404 475 526 522; x_wconf 84' lang='lat' dir='ltr'><strong>tuo,</strong></span> <span class='ocrx_word' id='word_1_10' title='bbox 581 471 631 510; x_wconf 89' lang='lat' dir='ltr'><strong>et</strong></span> <span class='ocrx_word' id='word_1_11' title='bbox 673 462 1048 528; x_wconf 76' lang='lat' dir='ltr'><strong>privilegialiter</strong></span> <span class='ocrx_word' id='word_1_12' title='bbox 1090 463 1366 513; x_wconf 82' lang='lat' dir='ltr'>confertur.</span> <span class='ocrx_word' id='word_1_13' title='bbox 1399 462 1528 509; x_wconf 84' lang='lat' dir='ltr'><strong>Part.</strong></span> <span class='ocrx_word' id='word_1_14' title='bbox 1561 460 1608 508; x_wconf 87' lang='lat' dir='ltr'><strong>I:</strong></span> <span class='ocrx_word' id='word_1_15' title='bbox 1645 472 1703 512; x_wconf 82' lang='lat' dir='ltr'><strong>tt.</strong></span> <span class='ocrx_word' id='word_1_16' title='bbox 1744 467 1823 510; x_wconf 88' lang='lat'><strong>13.</strong></span> 
     </span>
     <span class='ocr_line' id='line_1_4' title="bbox 405 533 1817 582; baseline 0.001 -2"><span class='ocrx_word' id='word_1_17' title='bbox 405 535 484 581; x_wconf 84' lang='grc'><strong>16.</strong></span> <span class='ocrx_word' id='word_1_18' title='bbox 516 535 596 579; x_wconf 82' lang='grc'><strong>22.</strong></span> <span class='ocrx_word' id='word_1_19' title='bbox 626 534 703 579; x_wconf 83' lang='grc'><strong>24.</strong></span> <span class='ocrx_word' id='word_1_20' title='bbox 729 533 807 578; x_wconf 79' lang='grc'><strong>26.</strong></span> <span class='ocrx_word' id='word_1_21' title='bbox 839 535 916 578; x_wconf 80' lang='lat'><strong>29.</strong></span> <span class='ocrx_word' id='word_1_22' title='bbox 953 535 1030 579; x_wconf 88' lang='grc'><strong>30.</strong></span> <span class='ocrx_word' id='word_1_23' title='bbox 1813 578 1817 582; x_wconf 27' lang='lat' dir='ltr'><strong><em>s</em></strong></span> 
     </span>
     <span class='ocr_line' id='line_1_5' title="bbox 542 596 1821 664; baseline -0.002 -18"><span class='ocrx_word' id='word_1_24' title='bbox 542 600 748 664; x_wconf 74' lang='lat' dir='ltr'><strong>integris</strong></span> <span class='ocrx_word' id='word_1_25' title='bbox 785 597 1270 656; x_wconf 87' lang='lat' dir='ltr'><strong>Communitatibus‚</strong></span> <span class='ocrx_word' id='word_1_26' title='bbox 1298 596 1625 657; x_wconf 84' lang='lat' dir='ltr'><strong>Civitatibus,</strong></span> <span class='ocrx_word' id='word_1_27' title='bbox 1663 597 1821 663; x_wconf 87' lang='lat' dir='ltr'>Oppi-</span> 
     </span>
     <span class='ocr_line' id='line_1_6' title="bbox 404 665 1827 731; baseline -0.003 -17"><span class='ocrx_word' id='word_1_28' title='bbox 404 665 511 728; x_wconf 89' lang='lat' dir='ltr'><strong>dis,</strong></span> <span class='ocrx_word' id='word_1_29' title='bbox 549 665 796 731; x_wconf 87' lang='lat' dir='ltr'><strong>Capitulis</strong></span> <span class='ocrx_word' id='word_1_30' title='bbox 839 675 930 713; x_wconf 73' lang='lat' dir='ltr'><strong>etc.</strong></span> <span class='ocrx_word' id='word_1_31' title='bbox 983 668 1121 715; x_wconf 87' lang='lat' dir='ltr'><strong>Bona</strong></span> <span class='ocrx_word' id='word_1_32' title='bbox 1172 667 1563 715; x_wconf 82' lang='lat' dir='ltr'><strong>Possessionaria</strong></span> <span class='ocrx_word' id='word_1_33' title='bbox 1606 666 1827 714; x_wconf 86' lang='lat' dir='ltr'><strong>conferri</strong></span> 
     </span>
     <span class='ocr_line' id='line_1_7' title="bbox 404 733 1833 798; baseline -0.004 -13"><span class='ocrx_word' id='word_1_34' title='bbox 404 753 510 785; x_wconf 79' lang='lat' dir='ltr'><strong>non</strong></span> <span class='ocrx_word' id='word_1_35' title='bbox 557 744 780 798; x_wconf 79' lang='lat' dir='ltr'><strong>possunt.</strong></span> <span class='ocrx_word' id='word_1_36' title='bbox 820 733 970 781; x_wconf 83' lang='lat' dir='ltr'><strong>Ulad.</strong></span> <span class='ocrx_word' id='word_1_37' title='bbox 1011 735 1074 780; x_wconf 88' lang='lat' dir='ltr'><strong>D.</strong></span> <span class='ocrx_word' id='word_1_38' title='bbox 1104 735 1206 782; x_wconf 84' lang='lat' dir='ltr'>III:</span> <span class='ocrx_word' id='word_1_39' title='bbox 1245 741 1322 784; x_wconf 78' lang='lat'><strong>55.</strong></span> <span class='ocrx_word' id='word_1_40' title='bbox 1365 739 1524 786; x_wconf 69' lang='lat'>1542:</span> <span class='ocrx_word' id='word_1_41' title='bbox 1555 737 1635 782; x_wconf 86' lang='lat'><strong>33.</strong></span> <span class='ocrx_word' id='word_1_42' title='bbox 1672 738 1833 782; x_wconf 74' lang='lat'>1647:</span> 
     </span>
     <span class='ocr_line' id='line_1_8' title="bbox 410 799 802 856; baseline -0.02 0"><span class='ocrx_word' id='word_1_43' title='bbox 410 808 489 856; x_wconf 82' lang='lat'><strong>17.</strong></span> <span class='ocrx_word' id='word_1_44' title='bbox 531 808 685 852; x_wconf 83' lang='lat'>1715:</span> <span class='ocrx_word' id='word_1_45' title='bbox 729 799 802 852; x_wconf 77' lang='lat'><strong>16.</strong></span> 
     </span>
     <span class='ocr_line' id='line_1_9' title="bbox 615 869 1838 932; baseline -0.001 -14"><span class='ocrx_word' id='word_1_46' title='bbox 615 870 728 919; x_wconf 83' lang='lat' dir='ltr'><strong>2do.</strong></span> <span class='ocrx_word' id='word_1_47' title='bbox 774 870 883 918; x_wconf 81' lang='lat' dir='ltr'><strong>Per</strong></span> <span class='ocrx_word' id='word_1_48' title='bbox 912 870 1135 918; x_wconf 77' lang='lat' dir='ltr'><strong>Lz&#39;teras</strong></span> <span class='ocrx_word' id='word_1_49' title='bbox 1174 869 1374 932; x_wconf 78' lang='lat' dir='ltr'><strong>Regias</strong></span> <span class='ocrx_word' id='word_1_50' title='bbox 1413 869 1838 932; x_wconf 74' lang='lat' dir='ltr'><strong>Donationales,</strong></span> 
     </span>
     <span class='ocr_line' id='line_1_10' title="bbox 406 937 1835 1005; baseline -0.004 -15"><span class='ocrx_word' id='word_1_51' title='bbox 406 955 475 990; x_wconf 73' lang='lat' dir='ltr'><strong>est·</strong></span> <span class='ocrx_word' id='word_1_52' title='bbox 513 939 687 988; x_wconf 77' lang='lat' dir='ltr'><strong>Tz&#39;tulo</strong></span> <span class='ocrx_word' id='word_1_53' title='bbox 725 939 879 987; x_wconf 74' lang='lat' dir='ltr'><strong>Iuris</strong></span> <span class='ocrx_word' id='word_1_54' title='bbox 914 940 1097 1002; x_wconf 63' lang='lat' dir='ltr'><strong>Regii,</strong></span> <span class='ocrx_word' id='word_1_55' title='bbox 1137 938 1300 998; x_wconf 80' lang='lat' dir='ltr'><strong>datas3</strong></span> <span class='ocrx_word' id='word_1_56' title='bbox 1331 938 1447 985; x_wconf 89' lang='lat' dir='ltr'><strong>dum</strong></span> <span class='ocrx_word' id='word_1_57' title='bbox 1475 937 1655 1005; x_wconf 80' lang='lat' dir='ltr'><strong>nempe</strong></span> <span class='ocrx_word' id='word_1_58' title='bbox 1688 939 1795 985; x_wconf 82' lang='lat' dir='ltr'><strong>Rex</strong></span> <span class='ocrx_word' id='word_1_59' title='bbox 1821 973 1835 999; x_wconf 55' lang='lat'>2</span> 
     </span>
     <span class='ocr_line' id='line_1_11' title="bbox 412 1005 1840 1074; baseline -0.001 -20"><span class='ocrx_word' id='word_1_60' title='bbox 412 1007 621 1057; x_wconf 88' lang='lat' dir='ltr'><strong>Bonum</strong></span> <span class='ocrx_word' id='word_1_61' title='bbox 651 1007 862 1074; x_wconf 80' lang='lat' dir='ltr'>aliquod</span> <span class='ocrx_word' id='word_1_62' title='bbox 891 1007 1342 1056; x_wconf 83' lang='lat' dir='ltr'><strong>Possessionarium</strong></span> <span class='ocrx_word' id='word_1_63' title='bbox 1369 1005 1429 1053; x_wconf 91' lang='lat' dir='ltr'><strong>de</strong></span> <span class='ocrx_word' id='word_1_64' title='bbox 1461 1007 1582 1054; x_wconf 85' lang='lat' dir='ltr'><strong>Jure</strong></span> <span class='ocrx_word' id='word_1_65' title='bbox 1612 1005 1760 1053; x_wconf 87' lang='lat' dir='ltr'><strong>simul</strong></span> <span class='ocrx_word' id='word_1_66' title='bbox 1789 1016 1840 1053; x_wconf 84' lang='lat' dir='ltr'><strong>et</strong></span> 
     </span>
     <span class='ocr_line' id='line_1_12' title="bbox 411 1074 1843 1142; baseline -0.002 -18"><span class='ocrx_word' id='word_1_67' title='bbox 411 1076 581 1137; x_wconf 84' lang='lat' dir='ltr'><strong>facto,</strong></span> <span class='ocrx_word' id='word_1_68' title='bbox 624 1075 853 1142; x_wconf 84' lang='lat' dir='ltr'>adeoque</span> <span class='ocrx_word' id='word_1_69' title='bbox 889 1075 1146 1124; x_wconf 85' lang='lat' dir='ltr'><strong>evidenter</strong></span> <span class='ocrx_word' id='word_1_70' title='bbox 1186 1075 1248 1122; x_wconf 83' lang='lat' dir='ltr'><strong>ad</strong></span> <span class='ocrx_word' id='word_1_71' title='bbox 1291 1075 1488 1122; x_wconf 84' lang='lat' dir='ltr'><strong>Fiscum</strong></span> <span class='ocrx_word' id='word_1_72' title='bbox 1516 1075 1726 1139; x_wconf 83' lang='lat' dir='ltr'><strong>Regium</strong></span> <span class='ocrx_word' id='word_1_73' title='bbox 1763 1074 1843 1121; x_wconf 88' lang='lat' dir='ltr'><strong>de·</strong></span> 
     </span>
     <span class='ocr_line' id='line_1_13' title="bbox 411 1143 1843 1209; baseline -0.001 -19"><span class='ocrx_word' id='word_1_74' title='bbox 411 1145 681 1206; x_wconf 77' lang='lat' dir='ltr'><strong>volutum,</strong></span> <span class='ocrx_word' id='word_1_75' title='bbox 733 1145 880 1194; x_wconf 82' lang='lat' dir='ltr'><strong>unice</strong></span> <span class='ocrx_word' id='word_1_76' title='bbox 930 1143 1021 1191; x_wconf 86' lang='lat' dir='ltr'><strong>sub</strong></span> <span class='ocrx_word' id='word_1_77' title='bbox 1064 1143 1158 1191; x_wconf 90' lang='lat' dir='ltr'><strong>hoc</strong></span> <span class='ocrx_word' id='word_1_78' title='bbox 1198 1143 1370 1190; x_wconf 86' lang='lat' dir='ltr'><strong>Titulo</strong></span> <span class='ocrx_word' id='word_1_79' title='bbox 1411 1144 1546 1190; x_wconf 83' lang='lat' dir='ltr'><strong>Juris</strong></span> <span class='ocrx_word' id='word_1_80' title='bbox 1575 1143 1748 1209; x_wconf 80' lang='lat' dir='ltr'><strong>Regii,</strong></span> <span class='ocrx_word' id='word_1_81' title='bbox 1776 1168 1843 1177; x_wconf 89' lang='lat'><strong>-—-</strong></span> 
     </span>
     <span class='ocr_line' id='line_1_14' title="bbox 414 1210 1851 1278; baseline -0.001 -19"><span class='ocrx_word' id='word_1_82' title='bbox 414 1230 518 1260; x_wconf 87' lang='lat' dir='ltr'><strong>non</strong></span> <span class='ocrx_word' id='word_1_83' title='bbox 561 1230 802 1278; x_wconf 72' lang='lat' dir='ltr'><strong>expresso</strong></span> <span class='ocrx_word' id='word_1_84' title='bbox 841 1212 1073 1260; x_wconf 87' lang='lat' dir='ltr'><strong>videlicet</strong></span> <span class='ocrx_word' id='word_1_85' title='bbox 1106 1211 1256 1259; x_wconf 88' lang='lat' dir='ltr'><strong>titulo</strong></span> <span class='ocrx_word' id='word_1_86' title='bbox 1294 1210 1535 1271; x_wconf 78' lang='lat' dir='ltr'><strong>defectus,</strong></span> <span class='ocrx_word' id='word_1_87' title='bbox 1560 1210 1638 1258; x_wconf 83' lang='lat' dir='ltr'><strong>vel</strong></span> <span class='ocrx_word' id='word_1_88' title='bbox 1667 1221 1851 1271; x_wconf 78' lang='lat' dir='ltr'><strong>notae,</strong></span> 
     </span>
     <span class='ocr_line' id='line_1_15' title="bbox 417 1278 1431 1329; baseline -0.002 -3"><span class='ocrx_word' id='word_1_89' title='bbox 417 1307 486 1320; x_wconf 85' lang='lat'><strong>-—</strong></span> <span class='ocrx_word' id='word_1_90' title='bbox 517 1281 668 1328; x_wconf 79' lang='lat' dir='ltr'><strong>alicui</strong></span> <span class='ocrx_word' id='word_1_91' title='bbox 704 1281 831 1328; x_wconf 86' lang='lat' dir='ltr'><strong>bene</strong></span> <span class='ocrx_word' id='word_1_92' title='bbox 859 1282 1040 1328; x_wconf 77' lang='lat' dir='ltr'><strong>merito</strong></span> <span class='ocrx_word' id='word_1_93' title='bbox 1082 1278 1194 1329; x_wconf 85' lang='lat' dir='ltr'><strong>Civi</strong></span> <span class='ocrx_word' id='word_1_94' title='bbox 1221 1279 1431 1326; x_wconf 86' lang='lat' dir='ltr'><strong>confert.</strong></span> 
     </span>
    </p>

    <p class='ocr_par' dir='ltr' id='par_1_3' title="bbox 411 1345 1900 1745">
     <span class='ocr_line' id='line_1_16' title="bbox 475 1345 1844 1409; baseline -0.001 -14"><span class='ocrx_word' id='word_1_95' title='bbox 475 1381 478 1385; x_wconf 83' lang='lat'>-</span> <span class='ocrx_word' id='word_1_96' title='bbox 555 1349 706 1406; x_wconf 89' lang='lat' dir='ltr'><strong>Quod</strong></span> <span class='ocrx_word' id='word_1_97' title='bbox 737 1366 836 1396; x_wconf 86' lang='lat' dir='ltr'><strong>non</strong></span> <span class='ocrx_word' id='word_1_98' title='bbox 869 1359 1063 1396; x_wconf 79' lang='lat' dir='ltr'><strong>tantum</strong></span> <span class='ocrx_word' id='word_1_99' title='bbox 1114 1347 1215 1395; x_wconf 71' lang='lat' dir='ltr'><strong>Jus</strong></span> <span class='ocrx_word' id='word_1_100' title='bbox 1244 1347 1463 1409; x_wconf 73' lang='lat' dir='ltr'><strong>Regium</strong></span> <span class='ocrx_word' id='word_1_101' title='bbox 1503 1348 1728 1406; x_wconf 69' lang='lat' dir='ltr'><strong>evidens,</strong></span> <span class='ocrx_word' id='word_1_102' title='bbox 1757 1345 1844 1393; x_wconf 91' lang='lat' dir='ltr'><strong>ali-</strong></span> 
     </span>
     <span class='ocr_line' id='line_1_17' title="bbox 411 1415 1851 1483; baseline -0.003 -17"><span class='ocrx_word' id='word_1_103' title='bbox 411 1418 491 1466; x_wconf 86' lang='lat' dir='ltr'><strong>cui</strong></span> <span class='ocrx_word' id='word_1_104' title='bbox 539 1434 633 1483; x_wconf 85' lang='lat' dir='ltr'><strong>per</strong></span> <span class='ocrx_word' id='word_1_105' title='bbox 675 1418 863 1482; x_wconf 82' lang='lat' dir='ltr'>Regem</span> <span class='ocrx_word' id='word_1_106' title='bbox 913 1417 1133 1466; x_wconf 83' lang='lat' dir='ltr'><strong>conferri</strong></span> <span class='ocrx_word' id='word_1_107' title='bbox 1168 1415 1360 1482; x_wconf 85' lang='lat' dir='ltr'><strong>possit,</strong></span> <span class='ocrx_word' id='word_1_108' title='bbox 1412 1415 1496 1463; x_wconf 86' lang='lat' dir='ltr'><strong>sed</strong></span> <span class='ocrx_word' id='word_1_109' title='bbox 1525 1415 1663 1481; x_wconf 86' lang='lat' dir='ltr'><strong>quod</strong></span> <span class='ocrx_word' id='word_1_110' title='bbox 1698 1416 1851 1462; x_wconf 86' lang='lat' dir='ltr'><strong>etiam</strong></span> 
     </span>
     <span class='ocr_line' id='line_1_18' title="bbox 411 1482 1849 1549; baseline -0.004 -15"><span class='ocrx_word' id='word_1_111' title='bbox 411 1486 512 1534; x_wconf 79' lang='lat' dir='ltr'><strong>Jus</strong></span> <span class='ocrx_word' id='word_1_112' title='bbox 550 1487 767 1549; x_wconf 76' lang='lat' dir='ltr'><strong>Regium</strong></span> <span class='ocrx_word' id='word_1_113' title='bbox 799 1487 996 1544; x_wconf 76' lang='lat' dir='ltr'><strong>latens,</strong></span> <span class='ocrx_word' id='word_1_114' title='bbox 1050 1486 1228 1534; x_wconf 86' lang='lat' dir='ltr'><strong>ceteris</strong></span> <span class='ocrx_word' id='word_1_115' title='bbox 1284 1484 1466 1532; x_wconf 87' lang='lat' dir='ltr'><strong>Titulis</strong></span> <span class='ocrx_word' id='word_1_116' title='bbox 1501 1482 1849 1531; x_wconf 89' lang='lat' dir='ltr'><strong>Donationali·</strong></span> 
     </span>
     <span class='ocr_line' id='line_1_19' title="bbox 415 1550 1848 1617; baseline -0.004 -14"><span class='ocrx_word' id='word_1_117' title='bbox 415 1555 542 1614; x_wconf 88' lang='lat' dir='ltr'><strong>bus,</strong></span> <span class='ocrx_word' id='word_1_118' title='bbox 579 1565 761 1614; x_wconf 87' lang='lat' dir='ltr'><strong>notae,</strong></span> <span class='ocrx_word' id='word_1_119' title='bbox 814 1552 1070 1608; x_wconf 77' lang='lat' dir='ltr'><strong>defectus,</strong></span> <span class='ocrx_word' id='word_1_120' title='bbox 1120 1569 1392 1602; x_wconf 84' lang='lat' dir='ltr'><strong>consensus</strong></span> <span class='ocrx_word' id='word_1_121' title='bbox 1435 1552 1611 1617; x_wconf 80' lang='lat' dir='ltr'><strong>Regii,</strong></span> <span class='ocrx_word' id='word_1_122' title='bbox 1650 1550 1848 1598; x_wconf 85' lang='lat' dir='ltr'><strong>adnecti</strong></span> 
     </span>
     <span class='ocr_line' id='line_1_20' title="bbox 413 1619 1849 1690; baseline -0.001 -21"><span class='ocrx_word' id='word_1_123' title='bbox 413 1623 609 1679; x_wconf 82' lang='lat' dir='ltr'><strong>soleat,</strong></span> <span class='ocrx_word' id='word_1_124' title='bbox 678 1633 729 1670; x_wconf 89' lang='lat' dir='ltr'><strong>et</strong></span> <span class='ocrx_word' id='word_1_125' title='bbox 769 1625 959 1690; x_wconf 83' lang='lat' dir='ltr'><strong>possit,</strong></span> <span class='ocrx_word' id='word_1_126' title='bbox 1029 1633 1164 1688; x_wconf 89' lang='lat' dir='ltr'><strong>patet</strong></span> <span class='ocrx_word' id='word_1_127' title='bbox 1217 1638 1279 1668; x_wconf 81' lang='lat' dir='ltr'><strong>ex</strong></span> <span class='ocrx_word' id='word_1_128' title='bbox 1329 1619 1461 1669; x_wconf 88' lang='lat' dir='ltr'><strong>Part.</strong></span> <span class='ocrx_word' id='word_1_129' title='bbox 1496 1621 1632 1670; x_wconf 70' lang='lat' dir='ltr'><strong>Imae</strong></span> <span class='ocrx_word' id='word_1_130' title='bbox 1683 1630 1737 1668; x_wconf 88' lang='lat' dir='ltr'><strong>tt:</strong></span> <span class='ocrx_word' id='word_1_131' title='bbox 1763 1624 1849 1668; x_wconf 74' lang='lat'><strong>24.</strong></span> 
     </span>
     <span class='ocr_line' id='line_1_21' title="bbox 411 1685 1900 1745; baseline -0.003 -5"><span class='ocrx_word' id='word_1_132' title='bbox 411 1693 496 1741; x_wconf 83' lang='grc'><strong>36.</strong></span> <span class='ocrx_word' id='word_1_133' title='bbox 534 1694 614 1740; x_wconf 85' lang='grc'><strong>63.</strong></span> <span class='ocrx_word' id='word_1_134' title='bbox 1570 1737 1571 1740; x_wconf 58' lang='grc'>,</span> <span class='ocrx_word' id='word_1_135' title='bbox 1669 1742 1673 1745; x_wconf 11' lang='grc' dir='ltr'>μ</span> <span class='ocrx_word' id='word_1_136' title='bbox 1886 1685 1900 1698; x_wconf 67' lang='grc'><em>“</em></span> 
     </span>
    </p>

    <p class='ocr_par' dir='ltr' id='par_1_4' title="bbox 411 1757 1854 2235">
     <span class='ocr_line' id='line_1_22' title="bbox 621 1757 1854 1821; baseline -0.002 -14"><span class='ocrx_word' id='word_1_137' title='bbox 621 1760 743 1807; x_wconf 74' lang='lat' dir='ltr'><strong>3tio.</strong></span> <span class='ocrx_word' id='word_1_138' title='bbox 782 1758 891 1807; x_wconf 83' lang='lat' dir='ltr'><strong>Per</strong></span> <span class='ocrx_word' id='word_1_139' title='bbox 938 1758 1157 1807; x_wconf 64' lang='lat' dir='ltr'><strong>Literna</strong></span> <span class='ocrx_word' id='word_1_140' title='bbox 1195 1759 1394 1821; x_wconf 73' lang='lat' dir='ltr'><strong>Regias</strong></span> <span class='ocrx_word' id='word_1_141' title='bbox 1425 1757 1810 1806; x_wconf 78' lang='lat' dir='ltr'><strong>Consensuales</strong></span> <span class='ocrx_word' id='word_1_142' title='bbox 1833 1792 1854 1819; x_wconf 76' lang='lat'><strong>,</strong></span> 
     </span>
     <span class='ocr_line' id='line_1_23' title="bbox 414 1825 1850 1895; baseline -0.001 -20"><span class='ocrx_word' id='word_1_143' title='bbox 414 1827 602 1895; x_wconf 87' lang='lat' dir='ltr'><strong>quibus</strong></span> <span class='ocrx_word' id='word_1_144' title='bbox 644 1827 747 1876; x_wconf 84' lang='lat' dir='ltr'><strong>Sua</strong></span> <span class='ocrx_word' id='word_1_145' title='bbox 800 1825 1034 1892; x_wconf 81' lang='lat' dir='ltr'><strong>Majestas</strong></span> <span class='ocrx_word' id='word_1_146' title='bbox 1096 1827 1421 1894; x_wconf 86' lang='lat' dir='ltr'><strong>perennalem</strong></span> <span class='ocrx_word' id='word_1_147' title='bbox 1471 1828 1850 1875; x_wconf 82' lang='lat' dir='ltr'><strong>translationem</strong></span> 
     </span>
     <span class='ocr_line' id='line_1_24' title="bbox 414 1893 1851 1963; baseline -0.001 -18"><span class='ocrx_word' id='word_1_148' title='bbox 414 1898 554 1945; x_wconf 87' lang='lat' dir='ltr'><strong>Juris</strong></span> <span class='ocrx_word' id='word_1_149' title='bbox 579 1897 961 1944; x_wconf 83' lang='lat' dir='ltr'><strong>Possessionarii</strong></span> <span class='ocrx_word' id='word_1_150' title='bbox 983 1933 993 1949; x_wconf 83' lang='grc'>,</span> <span class='ocrx_word' id='word_1_151' title='bbox 1040 1907 1330 1963; x_wconf 84' lang='lat' dir='ltr'><strong>comparate</strong></span> <span class='ocrx_word' id='word_1_152' title='bbox 1375 1893 1437 1942; x_wconf 88' lang='lat' dir='ltr'><strong>ad</strong></span> <span class='ocrx_word' id='word_1_153' title='bbox 1466 1895 1664 1944; x_wconf 88' lang='lat' dir='ltr'><strong>Fiscum</strong></span> <span class='ocrx_word' id='word_1_154' title='bbox 1690 1893 1851 1943; x_wconf 88' lang='lat' dir='ltr'><strong>adhuc</strong></span> 
     </span>
     <span class='ocr_line' id='line_1_25' title="bbox 413 1963 1851 2032; baseline -0.001 -22"><span class='ocrx_word' id='word_1_155' title='bbox 413 1983 518 2015; x_wconf 84' lang='lat' dir='ltr'><strong>non</strong></span> <span class='ocrx_word' id='word_1_156' title='bbox 552 1963 738 2013; x_wconf 81' lang='lat' dir='ltr'><strong>liberae</strong></span> <span class='ocrx_word' id='word_1_157' title='bbox 767 1965 1135 2029; x_wconf 75' lang='lat' dir='ltr'><strong>dispositionis,</strong></span> <span class='ocrx_word' id='word_1_158' title='bbox 1175 1984 1268 2032; x_wconf 86' lang='lat' dir='ltr'><strong>pro</strong></span> <span class='ocrx_word' id='word_1_159' title='bbox 1299 1981 1416 2013; x_wconf 87' lang='lat' dir='ltr'><strong>casu</strong></span> <span class='ocrx_word' id='word_1_160' title='bbox 1432 1963 1770 2029; x_wconf 82' lang='lat' dir='ltr'><strong>exstingvendi</strong></span> <span class='ocrx_word' id='word_1_161' title='bbox 1799 1964 1851 2009; x_wconf 89' lang='lat' dir='ltr'><strong>in</strong></span> 
     </span>
     <span class='ocr_line' id='line_1_26' title="bbox 412 2029 1849 2098; baseline -0.004 -16"><span class='ocrx_word' id='word_1_162' title='bbox 412 2033 622 2082; x_wconf 85' lang='lat' dir='ltr'><strong>Familia</strong></span> <span class='ocrx_word' id='word_1_163' title='bbox 655 2034 901 2081; x_wconf 85' lang='lat' dir='ltr'><strong>alienante</strong></span> <span class='ocrx_word' id='word_1_164' title='bbox 936 2034 1100 2091; x_wconf 75' lang='lat' dir='ltr'><strong>Juris,</strong></span> <span class='ocrx_word' id='word_1_165' title='bbox 1151 2033 1211 2080; x_wconf 85' lang='lat' dir='ltr'><strong>ad</strong></span> <span class='ocrx_word' id='word_1_166' title='bbox 1243 2032 1465 2098; x_wconf 83' lang='lat' dir='ltr'><strong>aliquem</strong></span> <span class='ocrx_word' id='word_1_167' title='bbox 1493 2052 1519 2079; x_wconf 86' lang='lat' dir='ltr'><strong>a</strong></span> <span class='ocrx_word' id='word_1_168' title='bbox 1552 2030 1757 2080; x_wconf 84' lang='lat' dir='ltr'><strong>Familia</strong></span> <span class='ocrx_word' id='word_1_169' title='bbox 1785 2029 1849 2077; x_wconf 87' lang='lat' dir='ltr'><strong>il·</strong></span> 
     </span>
     <span class='ocr_line' id='line_1_27' title="bbox 413 2097 1848 2168; baseline -0.003 -19"><span class='ocrx_word' id='word_1_170' title='bbox 413 2102 460 2149; x_wconf 87' lang='lat' dir='ltr'><strong>la</strong></span> <span class='ocrx_word' id='word_1_171' title='bbox 489 2111 788 2148; x_wconf 77' lang='lat' dir='ltr'><strong>extraneum</strong></span> <span class='ocrx_word' id='word_1_172' title='bbox 823 2098 930 2148; x_wconf 84' lang='lat' dir='ltr'><strong>fieri</strong></span> <span class='ocrx_word' id='word_1_173' title='bbox 962 2098 1208 2168; x_wconf 75' lang='lat' dir='ltr'><strong>indulget,</strong></span> <span class='ocrx_word' id='word_1_174' title='bbox 1238 2100 1317 2148; x_wconf 79' lang='lat' dir='ltr'><strong>vel</strong></span> <span class='ocrx_word' id='word_1_175' title='bbox 1341 2097 1446 2166; x_wconf 86' lang='lat' dir='ltr'><strong>jam</strong></span> <span class='ocrx_word' id='word_1_176' title='bbox 1463 2099 1642 2149; x_wconf 87' lang='lat' dir='ltr'><strong>factam</strong></span> <span class='ocrx_word' id='word_1_177' title='bbox 1667 2102 1848 2148; x_wconf 87' lang='lat' dir='ltr'><strong>Trans·</strong></span> 
     </span>
     <span class='ocr_line' id='line_1_28' title="bbox 411 2169 1071 2235; baseline -0.003 -17"><span class='ocrx_word' id='word_1_178' title='bbox 411 2169 656 2218; x_wconf 86' lang='lat' dir='ltr'><strong>lationem</strong></span> <span class='ocrx_word' id='word_1_179' title='bbox 693 2169 958 2235; x_wconf 81' lang='lat' dir='ltr'><strong>approbat.</strong></span> <span class='ocrx_word' id='word_1_180' title='bbox 1070 2172 1071 2175; x_wconf 69' lang='grc'>’</span> 
     </span>
    </p>

    <p class='ocr_par' dir='ltr' id='par_1_5' title="bbox 413 2233 1857 2700">
     <span class='ocr_line' id='line_1_29' title="bbox 620 2233 1849 2298; baseline 0 -14"><span class='ocrx_word' id='word_1_181' title='bbox 620 2243 721 2285; x_wconf 74' lang='grc' dir='ltr'><strong>4ῐο.</strong></span> <span class='ocrx_word' id='word_1_182' title='bbox 775 2238 878 2285; x_wconf 82' lang='lat' dir='ltr'><strong>Per·</strong></span> <span class='ocrx_word' id='word_1_183' title='bbox 923 2238 1144 2286; x_wconf 76' lang='lat' dir='ltr'><strong>Lz&#39;teras</strong></span> <span class='ocrx_word' id='word_1_184' title='bbox 1190 2236 1389 2298; x_wconf 75' lang='lat' dir='ltr'><strong>Regias</strong></span> <span class='ocrx_word' id='word_1_185' title='bbox 1433 2233 1621 2285; x_wconf 81' lang='lat' dir='ltr'><strong>Novae</strong></span> <span class='ocrx_word' id='word_1_186' title='bbox 1666 2235 1849 2284; x_wconf 80' lang='lat' dir='ltr'><strong>Dona-</strong></span> 
     </span>
     <span class='ocr_line' id='line_1_30' title="bbox 413 2304 1857 2373; baseline -0.003 -17"><span class='ocrx_word' id='word_1_187' title='bbox 413 2311 612 2367; x_wconf 73' lang='lat' dir='ltr'><strong>tionis,</strong></span> <span class='ocrx_word' id='word_1_188' title='bbox 673 2305 856 2373; x_wconf 88' lang='lat' dir='ltr'><strong>quibus</strong></span> <span class='ocrx_word' id='word_1_189' title='bbox 911 2324 1003 2372; x_wconf 85' lang='lat' dir='ltr'><strong>per</strong></span> <span class='ocrx_word' id='word_1_190' title='bbox 1044 2306 1263 2372; x_wconf 84' lang='lat' dir='ltr'><strong>Regem,</strong></span> <span class='ocrx_word' id='word_1_191' title='bbox 1292 2322 1395 2352; x_wconf 88' lang='lat' dir='ltr'><strong>non</strong></span> <span class='ocrx_word' id='word_1_192' title='bbox 1429 2304 1630 2371; x_wconf 85' lang='lat' dir='ltr'><strong>quidem</strong></span> <span class='ocrx_word' id='word_1_193' title='bbox 1664 2322 1857 2354; x_wconf 87' lang='lat' dir='ltr'><strong>novum</strong></span> 
     </span>
     <span class='ocr_line' id='line_1_31' title="bbox 415 2372 1853 2439; baseline -0.003 -16"><span class='ocrx_word' id='word_1_194' title='bbox 415 2376 788 2425; x_wconf 86' lang='lat' dir='ltr'><strong>Possessorium</strong></span> <span class='ocrx_word' id='word_1_195' title='bbox 821 2375 1114 2433; x_wconf 84' lang='lat' dir='ltr'><strong>confertur,</strong></span> <span class='ocrx_word' id='word_1_196' title='bbox 1158 2372 1243 2422; x_wconf 89' lang='lat' dir='ltr'><strong>sed</strong></span> <span class='ocrx_word' id='word_1_197' title='bbox 1278 2372 1475 2420; x_wconf 85' lang='lat' dir='ltr'><strong>nonnisi</strong></span> <span class='ocrx_word' id='word_1_198' title='bbox 1503 2373 1853 2439; x_wconf 85' lang='lat' dir='ltr'><strong>praehabitum</strong></span> 
     </span>
     <span class='ocr_line' id='line_1_32' title="bbox 417 2438 1848 2509; baseline -0.003 -17"><span class='ocrx_word' id='word_1_199' title='bbox 417 2444 792 2493; x_wconf 84' lang='lat' dir='ltr'><strong>Possessorium</strong></span> <span class='ocrx_word' id='word_1_200' title='bbox 825 2442 1153 2491; x_wconf 84' lang='lat' dir='ltr'><strong>fundamento</strong></span> <span class='ocrx_word' id='word_1_201' title='bbox 1197 2441 1390 2507; x_wconf 86' lang='lat' dir='ltr'><strong>antiqui</strong></span> <span class='ocrx_word' id='word_1_202' title='bbox 1421 2458 1568 2503; x_wconf 86' lang='lat' dir='ltr'><strong>usus,</strong></span> <span class='ocrx_word' id='word_1_203' title='bbox 1605 2452 1655 2491; x_wconf 88' lang='lat' dir='ltr'><strong>et</strong></span> <span class='ocrx_word' id='word_1_204' title='bbox 1681 2438 1848 2509; x_wconf 87' lang='lat' dir='ltr'><strong>pacifi-</strong></span> 
     </span>
     <span class='ocr_line' id='line_1_33' title="bbox 417 2508 1855 2575; baseline -0.004 -14"><span class='ocrx_word' id='word_1_205' title='bbox 417 2510 464 2562; x_wconf 85' lang='lat' dir='ltr'><strong>ci</strong></span> <span class='ocrx_word' id='word_1_206' title='bbox 501 2513 818 2572; x_wconf 81' lang='lat' dir='ltr'><strong>Possessorii‚</strong></span> <span class='ocrx_word' id='word_1_207' title='bbox 859 2512 1220 2570; x_wconf 85' lang='lat' dir='ltr'><strong>consolidatur,</strong></span> <span class='ocrx_word' id='word_1_208' title='bbox 1257 2521 1307 2558; x_wconf 89' lang='lat' dir='ltr'><strong>et</strong></span> <span class='ocrx_word' id='word_1_209' title='bbox 1332 2509 1426 2558; x_wconf 90' lang='lat' dir='ltr'><strong>hoc</strong></span> <span class='ocrx_word' id='word_1_210' title='bbox 1451 2508 1624 2560; x_wconf 86' lang='lat' dir='ltr'><strong>Titulo</strong></span> <span class='ocrx_word' id='word_1_211' title='bbox 1656 2525 1855 2575; x_wconf 81' lang='lat' dir='ltr'><strong>semper</strong></span> 
     </span>
     <span class='ocr_line' id='line_1_34' title="bbox 418 2577 1851 2648; baseline -0.003 -20"><span class='ocrx_word' id='word_1_212' title='bbox 418 2583 510 2647; x_wconf 79' lang='lat' dir='ltr'><strong>Jus</strong></span> <span class='ocrx_word' id='word_1_213' title='bbox 559 2583 773 2648; x_wconf 84' lang='lat' dir='ltr'><strong>Regium</strong></span> <span class='ocrx_word' id='word_1_214' title='bbox 825 2581 982 2629; x_wconf 88' lang='lat' dir='ltr'><strong>latens</strong></span> <span class='ocrx_word' id='word_1_215' title='bbox 1023 2594 1229 2647; x_wconf 85' lang='lat' dir='ltr'><strong>quoque</strong></span> <span class='ocrx_word' id='word_1_216' title='bbox 1272 2577 1513 2627; x_wconf 85' lang='lat' dir='ltr'><strong>collatum</strong></span> <span class='ocrx_word' id='word_1_217' title='bbox 1538 2580 1851 2645; x_wconf 82' lang='lat' dir='ltr'><strong>intelligitur.</strong></span> 
     </span>
     <span class='ocr_line' id='line_1_35' title="bbox 419 2648 1776 2700; baseline -0.006 -2"><span class='ocrx_word' id='word_1_218' title='bbox 419 2648 554 2700; x_wconf 83' lang='lat' dir='ltr'><strong>Part.</strong></span> <span class='ocrx_word' id='word_1_219' title='bbox 588 2652 726 2699; x_wconf 89' lang='lat' dir='ltr'><strong>Imae</strong></span> <span class='ocrx_word' id='word_1_220' title='bbox 756 2659 809 2697; x_wconf 87' lang='lat' dir='ltr'><strong>tt.</strong></span> <span class='ocrx_word' id='word_1_221' title='bbox 854 2653 931 2699; x_wconf 82' lang='lat'><strong>37.</strong></span> <span class='ocrx_word' id='word_1_222' title='bbox 1774 2669 1776 2671; x_wconf 57' lang='lat'>&gt;</span> 
     </span>
    </p>

    <p class='ocr_par' dir='ltr' id='par_1_6' title="bbox 431 2713 1856 2923">
     <span class='ocr_line' id='line_1_36' title="bbox 634 2713 1850 2780; baseline -0.008 -11"><span class='ocrx_word' id='word_1_223' title='bbox 634 2725 734 2769; x_wconf 81' lang='lat' dir='ltr'><strong>5t0.</strong></span> <span class='ocrx_word' id='word_1_224' title='bbox 786 2720 890 2767; x_wconf 77' lang='lat' dir='ltr'><strong>Per</strong></span> <span class='ocrx_word' id='word_1_225' title='bbox 925 2718 1142 2767; x_wconf 77' lang='lat' dir='ltr'><strong>Le‘teras</strong></span> <span class='ocrx_word' id='word_1_226' title='bbox 1181 2717 1386 2780; x_wconf 74' lang='lat' dir='ltr'><strong>Regia-s·</strong></span> <span class='ocrx_word' id='word_1_227' title='bbox 1435 2713 1850 2779; x_wconf 72' lang='lat' dir='ltr'><strong>Adoptionale-s,</strong></span> 
     </span>
     <span class='ocr_line' id='line_1_37' title="bbox 434 2781 1856 2856; baseline -0.006 -20"><span class='ocrx_word' id='word_1_228' title='bbox 434 2787 620 2856; x_wconf 79' lang='lat' dir='ltr'><strong>quibus</strong></span> <span class='ocrx_word' id='word_1_229' title='bbox 672 2788 782 2835; x_wconf 80' lang='lat' dir='ltr'><strong>Rex</strong></span> <span class='ocrx_word' id='word_1_230' title='bbox 841 2788 1158 2853; x_wconf 83' lang='lat' dir='ltr'><strong>Hungariae,</strong></span> <span class='ocrx_word' id='word_1_231' title='bbox 1207 2785 1326 2834; x_wconf 90' lang='lat' dir='ltr'><strong>dum</strong></span> <span class='ocrx_word' id='word_1_232' title='bbox 1372 2784 1581 2834; x_wconf 84' lang='lat' dir='ltr'><strong>ultimus</strong></span> <span class='ocrx_word' id='word_1_233' title='bbox 1623 2781 1856 2831; x_wconf 84' lang='lat' dir='ltr'><strong>deficiens</strong></span> 
     </span>
     <span class='ocr_line' id='line_1_38' title="bbox 431 2849 1854 2923; baseline -0.007 -17"><span class='ocrx_word' id='word_1_234' title='bbox 431 2856 630 2908; x_wconf 88' lang='lat' dir='ltr'><strong>Nobilis</strong></span> <span class='ocrx_word' id='word_1_235' title='bbox 679 2857 1069 2923; x_wconf 78' lang='lat' dir='ltr'><strong>possessionatus</strong></span> <span class='ocrx_word' id='word_1_236' title='bbox 1131 2871 1412 2921; x_wconf 61' lang='lat' dir='ltr'><strong>personam*</strong></span> <span class='ocrx_word' id='word_1_237' title='bbox 1435 2852 1669 2918; x_wconf 78' lang='lat' dir='ltr'><strong>aliquam,</strong></span> <span class='ocrx_word' id='word_1_238' title='bbox 1706 2868 1732 2897; x_wconf 77' lang='lat' dir='ltr'><strong>a</strong></span> <span class='ocrx_word' id='word_1_239' title='bbox 1771 2849 1854 2897; x_wconf 78' lang='lat' dir='ltr'><strong>Fa-</strong></span> 
     </span>
    </p>
   </div>
  </div>
 </body>
</html>
