1964 3440
923 227 995 252 ⁴-
1066 223 1265 267 210—

529 332 708 382 Curiae
751 335 933 403 Regiae
967 341 1222 407 Magister,
1258 356 1308 394 et

521 402 737 453 Turmae
776 404 1059 456 Praetoriae
1089 413 1399 479 Capitaneus.
1432 446 1495 453 --

521 469 686 520 Finito
722 482 835 520 actu
871 475 1256 542 coronationis,
1296 484 1498 535 demum
1528 488 1587 534 ad
1620 492 1795 544 Solen·

383 549 446 581 ne
480 534 751 587 Prandium
786 541 996 608 Regium
1031 548 1387 601 Neocoronato
1425 557 1594 624 Regi,
1646 562 1794 629 Dapi-

383 600 639 668 ferorum,
680 609 1060 675 pincernarum,
1102 620 1279 669 Curiae
1326 622 1540 690 Regiae,
1581 629 1796 681 Cubicu-

379 668 648 735 lariorum,
698 686 747 723 et
797 679 1081 732 Janitorum
1126 689 1388 756 Regalium
1430 694 1680 759 Magistri,
1727 699 1798 748 di-

375 756 546 790 versas
582 743 895 806 functiones,
925 750 1106 801 Titulis
1133 760 1234 804 suis
1263 772 1623 826 competentes,
1659 785 1796 830 prae·

381 810 632 859 stiterunt.
689 811 860 862 Plura
895 814 961 865 de
987 816 1066 868 his
1104 822 1268 873 viden·
1285 842 1514 891 possunt
1547 838 1600 882 in
1645 837 1801 887 Cere-

379 878 612 928 mom‘ala‘
654 880 1034 937 coronationis
1063 889 1129 939 de
1158 911 1305 944 anno
1347 904 1494 949 1830.

977 1010 1016 1071 ς.
1068 1019 1150 1065 44.

444 1103 789 1165 Functz‘ones
814 1109 1105 1171 Baromcm
1150 1114 1341 1193 Regni
1373 1123 1716 1197 Officzbsae.

498 1216 700 1267 Praeter
732 1232 938 1273 attactas
957 1225 1239 1280 functiones
1265 1233 1527 1300 Solennes,
1560 1241 1790 1309 inprimis

292 1299 295 1301 ·
361 1288 622 1337 occasione
658 1288 1032 1343 Solennitatum
1084 1300 1379 1353 Aulicarum
1407 1306 1693 1372 obeundas,
1726 1330 1787 1360 ex

361 1351 644 1404 Baronibus
672 1359 866 1426 Regni,
903 1363 1158 1415 Palatinus
1187 1368 1376 1436 Regni,
1406 1374 1567 1424 Judex
1608 1379 1789 1428 Curiae

361 1422 578 1490 Regiae,
628 1424 793 1475 Banus
851 1431 1110 1491 Croatiae‚
1178 1436 1570 1492 Tavernicorum
1591 1446 1789 1514 Regali-

365 1509 450 1539 um
483 1492 720 1558 Magister
741 1533 754 1555 ‚
789 1498 1084 1562 Agazonum
1118 1505 1380 1570 Regalium
1423 1513 1692 1579 Magister,
1741 1527 1791 1564 et

360 1557 647 1608 Janitorum
691 1563 950 1629 Regalium
980 1572 1218 1637 Magister
1246 1577 1295 1624 in
1325 1577 1534 1644 sphaera
1565 1584 1787 1632 Admini-

363 1630 618 1678 strationis
658 1631 829 1682 Civilis
866 1654 1072 1703 quoque
1109 1641 1242 1709 Lege
1279 1646 1633 1699 determinatas
1667 1654 1786 1700 Par·

361 1698 435 1745 tes
465 1707 515 1745 et
549 1697 879 1752 Functiones
915 1705 1207 1770 officiosas
1235 1713 1419 1765 habent
1470 1719 1766 1786 signanter:-

972 1829 1013 1891 ᾗ.
1074 1837 1153 1883 45.

790 1948 1098 2013 Palatinus
1149 1955 1355 2032 Regni.

487 2054 714 2120 Dignitas
733 2058 1026 2124 palatinalis,
1052 2070 1214 2132 prima
1241 2083 1357 2136 post
1393 2074 1768 2140 Regiam‚Part.

349 2120 389 2168 Ι.
427 2130 482 2170 tt.
520 2127 599 2171 94.
637 2126 687 2172 in
714 2126 969 2197 Hungaria
997 2132 1098 2197 jam
1129 2142 1441 2205 temporibus
1480 2146 1531 2195 S.
1556 2146 1769 2213 Stepha-

349 2189 400 2235 ni
439 2191 532 2241 sub
568 2193 716 2242 titulo
755 2198 965 2249 Comitis
1003 2203 1173 2253 Palatii
1215 2211 1456 2271 existens,
1495 2216 1771 2282 antiquitus

349 2277 463 2307 cum
499 2261 707 2309 diversis
745 2264 935 2317 Officiis
963 2272 1373 2342 conjungebatur.
1415 2279 1640 2332 Primum
1678 2287 1767 2333 Pa-

344 2324 559 2387 latinos,
612 2331 792 2397 Sigillo
826 2337 974 2404 Regis
1024 2347 1288 2406 provisos,
1342 2348 1478 2397 Lites
1514 2352 1768 2413 judicasse,

345 2406 481 2460 patet
506 2415 567 2445 ex
595 2399 645 2448 S.
684 2402 802 2452 Lad.
844 2404 906 2451 D.
944 2411 999 2459 L.
1038 2411 1127 2460 III.
1170 2415 1288 2482 Cap.
1323 2422 1369 2466 3.
1408 2418 1566 2468 Andr.
1596 2421 1661 2469 II.
1700 2424 1764 2471 D.

341 2473 432 2511 art·
471 2472 519 2516 8.
559 2465 755 2532 Sigism.
799 2473 858 2520 D.
906 2480 1004 2528 Vl:
1038 2485 1079 2526 l·
1117 2484 1312 2545 Serius,
1351 2489 1398 2534 in
1437 2491 1602 2554 specie
1639 2501 1761 2539 tem·

341 2535 551 2598 poribus
580 2537 795 2590 Mathiae
827 2543 866 2590 I.
896 2547 955 2595 D.
989 2555 1031 2598 5.
1070 2550 1146 2598 De
1173 2552 1356 2604 Officio
1388 2558 1644 2610 Palatinali
1677 2577 1759 2625 pe·

339 2602 557 2652 culiares
605 2608 708 2657 XII
750 2613 946 2663 articuli
1003 2624 1321 2684 pronunciati
1367 2625 1606 2690 fluerunt,
1658 2631 1766 2694 qui·

337 2668 431 2717 bus
462 2672 699 2726 officium
742 2692 791 2729 et
818 2683 1103 2744 Auctoritas
1136 2688 1342 2739 Palatini
1378 2694 1644 2759 specialius
1684 2697 1765 2744 de·

336 2741 746 2795 terminabantur.
799 2747 1058 2820 S'ubseque
1115 2756 1344 2809 Palatino
1386 2764 1547 2829 Regni
1601 2763 1762 2814 adhuc

337 2813 593 2876 sequentia
642 2815 816 2866 Officia
851 2831 899 2870 et
938 2818 1214 2891 Dignitates
1245 2827 1438 2881 delatae
1472 2831 1633 2883 suere:
1672 2833 1758 2886 Est
