1897 3440
633 249 966 295 -slfiu—

104 403 144 434 c.
184 383 498 451 intelligunt,
534 386 753 451 quippe,
790 381 930 449 quod
960 384 1008 433 hi
1037 400 1210 431 omnes
1238 401 1329 451 per
1354 384 1510 435 Suam

102 451 417 519 Maiestatem
457 454 686 519 inprimis
724 451 785 500 ad
815 453 1019 510 intima,
1055 461 1105 501 et
1132 452 1325 501 interna
1359 470 1512 520 nego-

102 522 171 568 tia
200 521 447 570 Cabinetti
477 524 619 586 Regii
646 519 952 569 discutienda
976 530 1026 568 et
1050 523 1401 587 pertractanda
1426 521 1514 570 ad·

99 586 376 637 hibeantur.
423 591 498 638 Ex
533 591 783 655 Hungaris
820 588 880 637 ad
913 588 1219 655 Supremum
1256 588 1428 637 Status
1462 599 1516 638 et

97 656 471 708 Conferentiale
498 659 828 706 Min-isterium
853 675 987 706 nunc
1004 676 1160 705 unum
1185 655 1512 705 Individuum

99 736 354 792 operatur.
392 726 469 774 De
487 735 654 774 cetero
680 724 964 774 Consiliarii
988 726 1158 774 Status
1187 726 1348 773 intimi
1378 742 1513 773 nunc

98 795 274 861 plures
301 804 445 857 sunt,
481 805 531 842 et
574 795 809 843 omnibus
851 794 1051 843 Titulus
1091 793 1511 843 Excellentissimi

97 864 355 927 competit.
406 891 409 893 -
892 902 897 904 .

226 931 280 993 b)
319 929 512 980 Status
540 930 847 978 Consiliarii
865 929 1238 994 Referendarii
1251 968 1264 993 ‚
1294 930 1515 994 (Εῒααῒῧς

97 997 290 1065 &fit-be.)
325 1000 531 1048 Praeter
565 1016 749 1062 nempe
785 1009 1022 1047 attactum
1055 1000 1364 1065 Supremum
1404 1001 1514 1049 Sta-

98 1082 178 1118 tus
222 1079 274 1117 et
312 1067 746 1116 Conferentiarum
793 1066 1158 1126 Ministerium,
1211 1067 1360 1117 habet
1411 1068 1514 1117 Sua

98 1134 332 1201 Maiestas
371 1134 603 1182 Statuum
645 1149 854 1180 suorum
903 1151 1110 1200 quoque
1156 1135 1421 1182 Internum
1464 1146 1517 1183 et

102 1206 342 1254 Intimum
373 1200 744 1249 Conferentiale
771 1201 1106 1263 Cabinettum‚
1136 1202 1516 1272 (Qtaafssssffiatb)

94 1290 156 1322 ex
179 1270 411 1337 pluribus
432 1269 742 1319 Consiliariis
761 1280 811 1317 et
829 1270 1201 1320 Referendariis
1219 1275 1512 1335 consistens,

97 1340 161 1388 ad
194 1337 333 1405 quod
373 1355 435 1394 ex
478 1340 731 1404 Hungaris
765 1356 899 1388 nunc
936 1341 1029 1386 tria
1077 1340 1341 1390 Individua
1375 1341 1512 1391 adhi-

91 1408 289 1456 bentur.

224 1476 273 1538 c)
318 1474 631 1524 Consiliarii
662 1473 815 1539 Regii
846 1474 1034 1524 Aulioi
1059 1476 1338 1525 Actuales.
1372 1476 1514 1542 (bost

96 1544 286 1605 θῖἆῒβε.)
341 1546 539 1593 Horum
580 1541 673 1591 sub
715 1544 932 1592 Nomine
974 1545 1120 1592 unice
1163 1545 1512 1594 Referendarii

94 1614 333 1663 Actuales
368 1611 429 1659 ad
460 1611 721 1659 Excelsam
749 1611 1112 1660 Cancellariam
1135 1612 1346 1679 Regiam'
1372 1614 1512 1662 Hun-

95 1683 263 1749 garico
298 1679 528 1729 Aulicam
555 1680 835 1738 constituti,
869 1680 1234 1746 intelllguntur.

221 1748 275 1811 d)
319 1749 630 1798 Consiliarii
675 1750 838 1813 Regii
875 1749 1155 1799 Titulares.
1206 1748 1514 1813 (Rfim'gh'cbez

97 1816 295 1882 ffic'itbe.)
336 1819 482 1867 Hunc
514 1816 741 1864 Titulum
781 1820 947 1884 quivis
990 1819 1049 1866 de
1088 1819 1361 1867 Stemmate
1388 1823 1509 1868 anti·

98 1889 265 1952 quiori
310 1886 577 1936 Nobilitari
624 1885 880 1933 Oriundus
916 1885 1141 1947 Nobilis,
1192 1885 1253 1935 de
1297 1888 1432 1953 Rege
1461 1898 1511 1935 et

97 1955 273 2023 Regno
303 1955 430 2003 bene
456 1955 692 2017 meritus,
728 1953 958 2004 obtinere
993 1964 1172 2021 potest.

714 2112 754 2175 ᾗ.
793 2117 873 2162 53.

455 2240 509 2293 4.
553 2212 888 2293 Ὀαηιθνανὶί
935 2216 1130 2312 Regii.

229 2373 310 2423 Ad
338 2375 520 2424 Aulam
540 2377 746 2443 Regiam
777 2375 1117 2430 continuative
1142 2378 1301 2429 adhuc
1325 2377 1501 2428 reserri

94 2454 336 2512 possunt,
371 2445 596 2494 Decretis
637 2448 821 2493 nostris
868 2447 1073 2513 quidem
1118 2449 1306 2514 ignoti,
1343 2457 1418 2496 ast
1452 2449 1503 2496 in

94 2510 223 2560 Aula
245 2512 395 2577 Regia
425 2531 556 2562 nunc
580 2514 629 2559 in
649 2517 917 2581 praecipua
944 2515 1263 2565 distinctione
1289 2516 1501 2564 existen·

91 2590 166 2643 tes
196 2581 462 2629 Camerarii
490 2582 631 2647 Regii
662 2583 925 2642 Actuales‚
961 2584 1022 2633 ad
1046 2584 1263 2634 diversas
1284 2583 1502 2633 functio·

92 2665 181 2696 nes
209 2648 550 2697 cerimoniales
596 2650 646 2696 in
689 2650 819 2699 Aula
848 2653 1001 2720 Regia
1033 2652 1380 2702 occasionibus
1411 2653 1500 2701 So·

94 2715 321 2765 lennium
365 2717 777 2780 Audientiarum‚
832 2730 883 2768 et
936 2722 1148 2770 aliarum
1191 2722 1500 2788 Pomparum

93 2785 331 2833 asservari
367 2783 651 2840 solitarum,
704 2786 989 2851 obeundas,
1022 2789 1285 2851 destinati,
1319 2789 1405 2856 qui
1432 2787 1501 2837 ob

95 2849 225 2902 hunc
252 2851 403 2904 finem
435 2871 583 2904 aurea
617 2853 753 2904 Clavi
776 2856 944 2906 donati
975 2868 1025 2908 et
1054 2858 1269 2928 insigniti
1303 2857 1500 2924 conspi-
