1897 3440
677 230 1013 273 ...297ffl

257 365 317 414 In
368 366 527 432 patria
563 371 763 421 nostra,
800 363 852 406 in
895 357 1010 425 qua}
1025 360 1249 408 Potestas
1286 357 1539 425 Legislati·

128 449 190 482 va
223 435 343 500 Regi
383 443 433 481 et
456 431 655 497 Populo
688 428 968 478 communis
1001 438 1101 485 est,
1140 429 1191 473 in
1224 429 1427 475 materia
1455 427 1538 475 Ju-

125 504 195 550 ris
245 514 294 550 et
343 502 599 560 Justitiae‚
629 498 743 545 inde
771 516 795 543 a
836 494 1152 560 temporibus
1186 495 1540 561 Proto-Regis,

129 587 288 637 usque
320 569 380 617 ad
406 568 682 635 praesentia
715 566 829 612 anni
865 567 994 634 183ἂ2
1031 564 1259 623 Comitia,
1286 566 1399 611 satis
1419 561 1540 611 mul·

92 649 235 695 ,tum
274 640 547 702 cogitatum
586 645 634 682 et
682 644 849 681 actum
889 651 1024 693 esse,
1075 633 1282 679 Decreta
1314 643 1362 677 et
1386 634 1540 696 Leges

125 709 349 755 omnium
378 707 571 770 Regum
599 701 851 765 luculente
885 700 1157 766 perhibent.
1198 732 1260 743 --
1281 699 1426 757 Quod
1459 717 1539 746 ve·-

121 792 181 822 ro
219 778 326 841 ipsa
368 771 602 839 specialia
652 772 772 817 Jura
812 772 960 834 Regis
996 770 1277 834 Hungariae
1306 769 1354 814 in
1389 765 1536 829 Obje·

117 845 211 891 ctis
250 842 385 889 Juris
431 851 479 888 et
520 841 749 887 Justitiae
781 840 985 898 attinet,
1023 855 1079 884 ea
1117 838 1347 902 inprimis
1380 837 1429 882 iu
1465 852 1539 881 se-

120 909 391 976 quentibus
421 918 834 957 concentrantur:
872 906 1008 971 quod
1042 922 1221 971 nempe
1252 906 1373 969 Regi
1402 921 1537 951 com·

116 988 255 1043 petat
274 1014 287 1037 ,
318 978 575 1024 Potestas
599 976 790 1039 Legum
818 969 1114 1023 Exeo-atim
1132 1010 1145 1034 ,
1177 972 1314 1038 quod
1340 973 1417 1031 sit,
1443 971 1537 1018 Ju-

115 1046 221 1093 decc
264 1046 439 1108 Regni
475 1044 822 1099 ordinarius,
866 1041 1110 1107 denique,
1160 1040 1296 1105 quod
1344 1041 1392 1085 in
1432 1057 1532 1087 nou

115 1113 267 1165 nullis
304 1116 401 1175 sit,
438 1113 619 1161 Iudex·
643 1112 933 1176 Supremas
968 1109 1384 1176 Appellatorius.

737 1244 775 1313 ς.
808 1250 917 1300 122,

138 1418 144 1436 ,
183 1364 277 1437 A.)
325 1370 511 1446 Regis
542 1371 819 1428 Potestas
852 1371 1068 1445 Legum
1104 1373 1448 1427 Execucz'oa.

98 1561 104 1566 ¹
245 1503 551 1551 Potestatem
598 1500 922 1549 Executivam
966 1500 1162 1567 Legum
1207 1501 1523 1549 comitialiter

107 1569 322 1618 latarum
366 1571 491 1635 Regi
531 1569 816 1634 Hungariae
857 1580 1175 1635 competere,
1223 1580 1272 1617 et
1309 1568 1522 1616 delatam

108 1655 244 1699 esse,
290 1639 339 1685 in
370 1639 514 1685 Parte
544 1638 581 1685 I.
608 1639 772 1685 allatis
799 1636 1259 1685 fundamentalibus
1289 1637 1523 1700 Legibus,

106 1725 164 1764 ac
195 1707 447 1773 signanter
470 1724 531 1753 ex
565 1710 716 1755 1⁷90:
754 1709 827 1757 12.
863 1715 1015 1771 patet,
1042 1708 1125 1771 qui
1157 1715 1314 1752 tenet:
1348 1704 1525 1768 ,quod

106 1774 407 1823 Exeo-ntimo
445 1776 707 1823 Potestas
736 1779 788 1823 in
824 1774 989 1821 Sensu
1024 1774 1216 1836 Legum
1242 1790 1343 1836 per
1361 1775 1520 1835 Rege·-

106 1860 193 1891 am
223 1844 586 1905 Majestatem
621 1844 1002 1892 exercebiturf‘
1035 1871 1099 1879 -—
1122 1841 1276 1890 Nulla
1296 1840 1519 1888 sublimi-

102 1928 164 1960 or
202 1911 346 1959 Idaea
384 1911 654 1976 Maiestatis
689 1912 875 1978 Regiae
905 1912 1101 1977 concipi
1136 1920 1330 1974 potest,
1366 1926 1517 1973 quam

107 1979 227 2027 dum
274 1979 508 2029 Thronus
555 1979 662 2046 ejus
704 1978 989 2046 Splendore
1026 1979 1253 2026 Justitiae
1290 1976 1514 2038 fulgens,

102 2047 326 2097 felicitati
375 2048 691 2114 Populorum
732 2066 940 2097 suorum
987 2047 1233 2103 intendit,
1270 2045 1388 2092 dum
1427 2062 1516 2104 ea,

102 2133 231 2182 quae
295 2116 515 2183 Legibus
552 2128 717 2166 sancta
750 2129 800 2166 et
836 2114 1142 2165 inviolabilia
1184 2124 1333 2167 sunt,
1387 2111 1514 2176 juste

100 2194 151 2233 et
177 2185 323 2232 simul
353 2184 622 2235 efficaciter
663 2189 714 2234 in
751 2187 984 2234 effectum
1012 2181 1226 2231 deducit.
1265 2180 1370 2230 Sub
1405 2178 1511 2228 effi·

99 2254 204 2301 caci
260 2252 524 2302 Tutamine
572 2254 801 2302 Justitiae
846 2270 906 2300 eo
934 2253 1118 2300 certius
1154 2252 1338 2299 Civitas
1372 2247 1508 2296 efflo-

97 2322 267 2382 rescit,
305 2339 406 2388 quo
435 2324 620 2371 certius
651 2320 835 2372 delicta*
855 2320 1200 2386 profligantur.
1238 2320 1354 2368 Non
1381 2317 1506 2382 opti-

96 2407 206 2437 mae
234 2390 421 2456 Leges,
472 2393 511 2439 si
563 2393 612 2439 in
652 2391 820 2441 charta
848 2399 1082 2447 manent,
1120 2406 1220 2436 non
1250 2387 1508 2435 executiva

97 2467 330 2524 potestas,
358 2462 398 2507 si
433 2459 665 2509 inefficax
705 2459 905 2517 haeret,
943 2457 1156 2505 salutem
1196 2453 1403 2503 subditis
1423 2452 1505 2501 da·

96 2525 238 2574 bunt.
279 2529 374 2576 Ast
409 2531 517 2595 ipse
556 2539 718 2577 metus
762 2526 1039 2576 efficacium
1082 2524 1274 2590 Legum
1307 2526 1510 2572 coercet

93 2593 364 2644 humanam
383 2596 638 2646 audaciam
656 2634 667 2656 ‚
693 2607 954 2661 tutamque
982 2592 1144 2643 reddit
1169 2593 1506 2657 interimpro·

91 2663 185 2711 bos
212 2664 565 2715 innocentiam.
606 2665 740 2715 Prol.
779 2667 850 2713 tit.
891 2667 937 2720 7,
968 2664 992 2727 §
1025 2668 1069 2711 2.

231 2732 332 2781 Sua
366 2731 600 2798 Maiestas
638 2736 836 2801 itaque,
878 2750 977 2799 qua
1002 2731 1281 2796 Supremus
1315 2728 1505 2790 Legum

90 2798 385 2867 ExequenS,
424 2799 809 2862 Tribu'nalibus‚
860 2802 948 2851 Jus
985 2810 1035 2855 et
1069 2799 1319 2849 Justitiam
1355 2795 1506 2843 admis-

1075 2910 1102 2954 7
