1897 3440
652 267 984 311 ,ῃ-

114 413 427 482 gratitudinis
459 425 604 458 sensu
645 400 926 473 percellat?
974 398 1067 447 Cui
1109 414 1208 444 non
1247 393 1419 444 subeat
1447 391 1515 439 11-

113 485 283 534 lustris
318 483 449 529 Unio
481 479 826 528 Matronarum
854 469 1241 533 Hungararum,
1280 480 1406 529 quae
1423 461 1512 507 Pe-

110 554 226 602 stini
254 561 305 599 et
333 548 503 597 Budae
533 545 626 594 sub
657 537 909 592 Praesidio
941 536 984 586 Ι.
1022 534 1314 584 Comitissae
1339 533 1518 578 Annae

109 614 639 679 Meszaros·Teleky,
685 607 894 676 perenni
933 603 1175 652 memoria
1208 598 1417 664 dignae,
1465 599 1519 644 in

110 705 294 755 egenos
323 685 539 753 plurima
562 692 612 729 et
637 676 875 728 notabilia
905 669 1140 721 beneficia
1160 668 1371 718 confert.
1408 665 1516 713 Sin-

110 757 259 822 gulus
286 755 394 804 fere
419 751 698 800 Comitatus
735 755 784 794 et
824 742 1092 790 Districtus
1123 735 1306 802 gaudet
1348 731 1518 797 aliquo

105 821 331 872 benefico
356 821 611 878 Instituto,
641 818 691 863 in
723 812 906 880 quibus
929 805 1195 857 fundandis
1219 802 1382 871 etjam
1406 801 1519 850 fun-

107 891 261 954 datis,
298 907 417 958 prae
451 887 628 937 ceteris
657 882 865 932 Liberae
890 878 1071 942 Regiae
1097 876 1362 932 Civitates,
1397 886 1518 935 qua-

105 978 222 1008 rum
253 958 447 1026 singula
488 972 633 1005 suum
673 950 933 1019 publicum
968 944 1357 1001 Nosocomium,
1397 956 1521 987 non·

105 1027 277 1076 nullae
307 1044 429 1075 vero
462 1023 610 1091 plura
651 1016 870 1069 benefica
899 1015 1133 1062 Instituta
1162 1010 1380 1065 habent,
1417 1006 1520 1055 lau-

108 1095 341 1144 dabiliter
376 1091 646 1143 excellunt.

244 1165 380 1212 Haec
408 1171 458 1209 et
497 1157 656 1206 multa
699 1152 796 1201 alia
844 1150 1057 1198 nimium
1102 1142 1357 1214 praeclara
1393 1151 1522 1189 sunt.

112 1233 353 1280 Omnium
379 1245 502 1277 vero
534 1225 836 1290 Supremam
866 1218 1237 1284 Inspectionem
1278 1211 1378 1259 Sua
1420 1210 1525 1258 Ma-

110 1299 260 1364 iestas
289 1296 467 1346 habet:
515 1296 667 1343 1723:
704 1295 782 1339 70.
818 1298 868 1337 et
894 1285 1059 1335 medio
1091 1282 1286 1332 Excelsi
1320 1276 1525 1328 Consilii

107 1368 267 1434 Regii,
296 1364 632 1414 Fundationes
657 1356 765 1422 „ad
791 1367 1034 1407 mentem
1074 1348 1524 1406 Fundatorum,“

109 1435 442 1485 administrari
475 1431 620 1480 facit:
659 1431 819 1481 1790:
855 1429 934 1477 23.

722 1584 769 1648 §-
825 1585 905 1631 88.

310 1710 700 1772 Fundationes
741 1703 976 1761 Publica
989 1734 1014 1745 -
1031 1698 1336 1755 Polz‘tae‘cae.

250 1845 525 1909 Praecipue
561 1831 1018 1887 hic'memorandae
1064 1828 1285 1885 veniunt,
1324 1820 1531 1869 Funda-

112 1924 287 1971 tiones
336 1911 580 1961 Publica·
603 1907 902 1965 Ponticae,
950 1918 1079 1968 quae
1114 1894 1292 1958 insigni
1332 1887 1530 1942 Munifi·

113 1988 274 2038 centia
329 1983 578 2047 Augustae
615 1974 829 2024 condam
875 1973 1094 2037 Reginae
1123 1963 1310 2012 Mariae
1347 1957 1530 2006 Them-

114 2059 332 2115 siae,ex
385 2048 532 2096 bonis
583 2042 892 2092 abolitorum
943 2038 1246 2090 ,lesuitarum
1277 2065 1290 2087 ‚
1338 2024 1533 2074 solenni

115 2119 386 2187 Privilegio
412 2112 736 2164 Donationali
781 2109 840 2157 de
869 2126 1001 2160 anno
1047 2104 1190 2157 1780.
1223 2095 1382 2153 edito,
1438 2108 1534 2159 pro

114 2189 303 2239 Fundis
361 2183 660 2235 Studiorum
722 2180 1103 2233 Universitatis,
1155 2164 1501 2228 Religionario
1522 2195 1536 2219 ,

117 2258 454 2308 Con‘victuum
497 2262 548 2300 et
576 2246 960 2312 Stipendiorum
990 2244 1202 2295 collatae
1239 2250 1294 2280 ac
1322 2230 1539 2277 destina-

117 2338 197 2376 tae
230 2334 374 2385 sunt‚
409 2330 460 2370 et
490 2335 618 2386 quae
651 2314 989 2363 Fundationes
1019 2308 1205 2380 partim
1236 2303 1286 2347 in
1311 2307 1534 2363 AErepa-

120 2405 248 2451 rato,
274 2390 445 2458 (juxta
465 2388 858 2437 Schvartnerum
877 2384 1009 2433 circa
1028 2373 1300 2441 2‚000‚000
1328 2367 1404 2433 fl.)
1426 2383 1537 2432 par·
1566 2417 1568 2420 Ι

120 2466 211 2512 tim
239 2464 287 2508 in
322 2459 503 2508 Civicis
527 2451 799 2513 AEdiflciis‚
843 2452 1028 2518 partim
1060 2444 1275 2506 denique
1309 2439 1358 2484 in
1385 2436 1539 2483 Bonis

118 2526 462 2580 immobilibus
492 2521 926 2591 possessionariis‚
974 2519 1017 2581 ⁸)
1069 2514 1360 2565 consistunt.
1401 2505 1540 2550 Bona

121 2600 241 2648 haec
271 2605 446 2645 cuncta
463 2593 556 2642 sub
584 2591 902 2658 Inspectione
938 2583 1136 2637 Excelsi
1172 2573 1376 2627 Consilii
1395 2570 1540 2635 Regii

121 2667 524 2722 constituuntur,
569 2659 656 2707 ubi
706 2675 851 2706 suum
895 2654 1146 2724 peculiare
1180 2648 1537 2711 Departamen-

121 2749 227 2785 tum
258 2772 271 2794 ‚
315 2748 461 2783 suum
507 2730 780 2776 Causarum
830 2726 1043 2774 Politico
1068 2750 1082 2756 -
1106 2710 1541 2766 Fundationalium

121 2805 336 2871 Regium
372 2800 716 2847 Directoratus
749 2794 988 2843 Officium
1018 2816 1083 2828 --
1125 2803 1240 2834 cum
1275 2781 1539 2829 Directore

121 2884 172 2923 et
198 2871 357 2922 trihus
385 2869 422 2917 F
427 2865 658 2918 iscalibus
687 2862 1021 2922 centralibus,
1067 2884 1132 2893 -
1166 2867 1316 2901 unam
1337 2848 1540 2896 Cassam
