1964 3440
930 229 1236 272 ...3-

393 380 480 413 rea
529 358 751 430 Regibus
798 361 1088 428 Hungariae
1134 358 1366 418 TituluS,
1433 357 1805 425 „Apo-stolici‘s

395 449 500 499 quo
569 430 829 497 Sylvester
899 431 966 479 II.
1041 430 1280 480 Pontifex
1340 426 1630 488 Romanus,
1687 425 1810 474 San⁴

385 512 522 551 ctum
567 498 878 567 Stephanum
897 536 911 560 ‚
941 497 1008 548 ob
1054 514 1348 548 conversam
1376 495 1440 544 ad
1466 495 1638 544 Fidem
1667 492 1806 542 Chri-

387 570 451 617 sti
496 569 710 618 Gentem
757 568 1076 634 Hungaram,
1130 564 1515 628 condecoravit,
1556 573 1607 613 et
1652 580 1810 632 quem

385 635 614 686 Titulum
659 637 893 685 Clemens
931 636 1074 684 XIII.
1119 637 1171 684 in
1207 633 1357 684 Bulla
1393 650 1480 681 sua
1515 631 1633 681 dto.'
1664 636 1810 693 lO-ae

385 707 603 772 Augusti
638 709 782 755 1758.
822 705 975 753 etiam
1016 706 1271 771 Augustae
1300 702 1490 751 Mariae
1527 698 1808 758 Theresiae,

382 772 594 841 ejusque
624 774 675 820 in
701 773 875 839 Regno
920 771 1324 832 Successoribus‚
1351 770 1557 819 novitus
1584 768 1810 816 asseruit.

384 840 661 907 Majestatis
718 841 927 901 Titulo,
979 843 1141 906 Reges
1193 840 1482 906 Hungariae
1532 837 1810 903 antiquitus

381 909 483 975 jam
521 907 796 957 identidem
836 926 954 957 usos
997 909 1180 969 fuisse,
1232 919 1370 974 patet
1407 925 1470 955 ex
1512 904 1808 972 Diplomate

382 977 561 1026 Geizae
603 977 669 1025 II.
722 994 854 1025 anno
901 980 1048 1025 1148.
1094 976 1347 1025 Ecclesiae
1389 972 1611 1024 Budensi
1659 972 1808 1033 dato,

381 1055 431 1094 et
466 1045 713 1096 Ludovici
743 1044 963 1091 Decreto
994 1042 1056 1091 de
1087 1061 1218 1092 anno
1267 1048 1412 1093 1551.

519 1113 690 1162 Status
720 1121 771 1159 et
803 1111 913 1160 OO.
940 1111 1133 1176 Regni,
1170 1113 1210 1160 si
1235 1109 1499 1177 quidpiam
1525 1109 1673 1157 unice
1703 1110 1804 1158 No·

380 1183 515 1230 mine
541 1199 632 1229 suo
657 1190 936 1244 petractant
954 1217 968 1237 ,
998 1190 1209 1227 utuntur
1241 1179 1439 1227 Titulo:
1476 1177 1624 1238 „Nos
1647 1178 1807 1227 Prae-

381 1251 518 1309 lati,
575 1250 853 1309 Ramnes,
924 1248 1197 1298 Proceres
1226 1286 1238 1307 ‚
1292 1247 1541 1305 Nobiles,
1609 1246 1809 1312 aliique

385 1317 575 1368 Status
604 1326 658 1366 et
689 1315 914 1366 Ordines
942 1317 1121 1379 Regni
1147 1318 1499 1381 Hecubam-iae,
1520 1315 1804 1364 Paruum-

381 1404 480 1451 que
511 1388 687 1435 eidem
718 1388 1106 1446 adneaearum,“
1137 1384 1193 1450 ⁸)
1233 1395 1387 1453 prout
1414 1385 1464 1433 id
1483 1402 1545 1433 ex
1562 1390 1805 1433 constitu-

380 1455 602 1503 tionibus
649 1460 793 1504 1542.
832 1463 983 1521 patet.

381 1557 424 1608 ⁰)
455 1556 607 1600 Status
632 1562 678 1599 et
697 1558 795 1600 00.
812 1556 954 1612 Regni
982 1556 1237 1600 diaetatiter
1253 1560 1508 1613 congregati
1532 1557 1811 1611 Repraesen-

438 1617 631 1656 tationes
659 1628 761 1655 suas
789 1614 842 1655 ad
872 1614 1152 1669 majestatem
1183 1613 1365 1670 Regiam
1394 1615 1438 1654 in
1471 1614 1609 1655 forma
1643 1617 1809 1667 episto-

429 1669 513 1711 lari
545 1670 819 1719 submittunt,
849 1670 1172 1713 subscribentes
1188 1676 1363 1712 semet:
1394 1666 1694 1723 „Humz'llimi
1721 1671 1803 1711 Ca-

428 1726 607 1782 pellani
636 1733 681 1768 et
709 1726 845 1770 Servi
855 1756 868 1776 ,
898 1733 1199 1782 perpetuoque·
1222 1725 1387 1775 fideles
1413 1725 1605 1776 subditi,
1649 1724 1807 1768 Status

441 1789 487 1822 et
520 1783 703 1823 Ordine-s·
732 1784 882 1837 Regni
908 1784 1175 1837 Hungariae
1191 1814 1206 1832 ,
1218 1783 1502 1837 partiumque
1529 1781 1805 1824 adnexarum

436 1837 696 1880 diaetaliter
734 1841 1054 1894 congregati‚“
1100 1841 1187 1882 Sua
1210 1839 1429 1894 Majestas
1447 1852 1550 1878 vero
1582 1853 1693 1879 nunc
1718 1837 1805 1879 Re·

433 1893 681 1935 solutiones
728 1902 774 1937 et
802 1897 1027 1949 Rescripta
1058 1911 1135 1938 sua
1170 1896 1221 1936 ad
1254 1894 1402 1948 Status
1435 1901 1479 1933 et
1510 1893 1610 1935 00.
1636 1892 1802 1946 Regni,

433 1963 529 1991 cum
557 1950 735 1992 Titulo:
779 1951 1097 2000 „serenissimo
1127 1951 1270 1993 Archi
1291 1950 1439 2002 Duci,
1467 1950 1800 1992 Reverendissi-

435 2006 540 2057 mis,
586 2005 856 2047 Reverendis
879 2038 895 2055 ,
956 2006 1334 2059 Honorabilibus„
1383 2005 1708 2058 spectabilibus
1749 2022 1802 2048 ac

434 2060 736 2115 Μαὲηεζΐὶσίς9
792 2064 895 2104 item
949 2062 1164 2118 Egregiis
1204 2070 1250 2105 et
1289 2061 1556 2111 Nobilibus,
1595 2077 1675 2104 nec
1713 2077 1800 2105 non

435 2117 728 2159 Prudentibus
759 2124 804 2159 et
819 2119 1153 2174 Circumspectis
1176 2119 1338 2161 Incliti
1363 2118 1515 2172 Regni
1536 2117 1800 2173 Hungariae

433 2179 481 2214 et
508 2174 708 2215 Partium
737 2175 782 2215 ei
807 2174 1080 2217 adnexarum
1109 2175 1313 2217 Dominis
1356 2173 1560 2216 statibus
1590 2181 1635 2216 et
1665 2174 1793 2216 Ordi-

433 2229 559 2270 nibus
602 2227 883 2272 Diaetalz'ter
925 2233 1211 2287 cougregatis
1227 2232 1264 2255 ⁶‘
1306 2252 1360 2262 —-
1405 2231 1664 2284 insignitas.
1696 2234 1794 2274 mit-

437 2291 530 2327 tere
559 2285 687 2327 solet.

849 2448 1065 2522 &gilla
1104 2445 1307 2521 Regis·
1356 2455 1362 2460 ’

518 2540 630 2593 Rex
666 2541 951 2608 Hungariae
992 2545 1153 2590 utitur
1191 2543 1381 2610 Sigillis
1427 2543 1705 2612 majoribus
1746 2555 1797 2594 et

378 2608 672 2658 minoribus.
702 2609 799 2658 Illa
836 2629 1112 2678 regnorum
1144 2621 1194 2660 et
1219 2612 1600 2662 provinciarum
1631 2614 1790 2662 omni-

377 2691 465 2724 um
506 2677 565 2726 ad
604 2678 915 2745 Hungariam
957 2681 1348 2747 pertinentium3
1396 2680 1516 2733 haec
1551 2697 1670 2730 vero
1697 2681 1792 2729 sal-

377 2754 478 2792 tem
526 2747 912 2814 praecipuorum
971 2748 1338 2798 nonnullorum
1374 2751 1666 2817 Regnorum
1706 2749 1788 2797 In·

378 2813 530 2879 signia
579 2816 628 2862 in
695 2833 746 2865 se
787 2817 1059 2866 continent.
1150 2816 1320 2882 sigilla
1381 2819 1573 2886 majora
1638 2828 1790 2866 sunt:
