1897 3440
665 255 1001 302 „63-

127 402 273 432 suum
313 387 648 436 Directorem
696 399 749 438 et
801 389 1140 451 Prae-sidem,
1191 420 1252 431 -·—
1303 394 1542 443 facultati

127 452 349 502 Medicae
394 471 589 521 praeest
635 475 761 505 unus
807 459 980 524 Regni
1036 461 1545 523 Proto-Medicus,

126 523 214 585 qui
253 521 313 568 ad
350 523 617 574 Excelsum
645 527 926 575 Consilium
966 529 1207 595 Regium,
1255 549 1352 597 qua
1393 533 1542 581 simul

126 587 370 638 Referens
401 593 452 638 in
491 591 715 659 Objectis
739 595 830 641 Rei
866 595 1171 658 Sanitariae‚
1208 601 1338 647 inter
1369 602 1540 650 Consi-

125 657 296 706 liarios
329 661 540 721 assidet3
575 689 643 697 -——
678 661 741 710 ab
765 680 896 712 anno
930 669 1073 714 1804.
1103 683 1220 714 vero
1249 671 1465 734 pertinet
1483 669 1543 717 ad

124 724 249 774 hanc
268 729 676 791 Universitatem‚
706 744 907 796 praeter
935 734 1277 784 Professorem
1306 737 1538 785 Oculisti-

124 811 242 853 cae,
278 798 425 844 etiam
454 814 583 846 unus
619 800 871 849 Oculista
898 802 1102 868 Regni3
1140 802 1284 870 cujus
1318 806 1542 854 officium

124 871 223 921 est,
261 860 570 929 Hungariam
608 886 903 934 peragrare,
941 883 992 919 et
1026 871 1232 920 morbos
1276 874 1543 922 oculorum

121 947 312 978 curare.
351 931 557 998 Singula
587 937 813 985 Facultas
846 938 997 987 habet
1014 951 1273 1006 praeterea
1295 960 1379 989 sua
1409 940 1539 990 Gra.

52 1060 55 1061 ⁷
123 995 304 1046 duata
338 1011 392 1046 et
421 1003 763 1067 Ingremiata
800 1007 1208 1057 Commembra.
1249 1030 1312 1041 ·-·
1351 1011 1541 1059 Praesi-

121 1067 204 1114 des
237 1078 284 1114 et
329 1070 642 1119 Professores
678 1091 851 1121 omnes
888 1074 989 1122 Sua
1039 1077 1276 1141 Majestas
1319 1078 1540 1128 denomi-

118 1145 234 1194 nat,
274 1139 360 1200 qui
406 1136 468 1182 ab
507 1156 637 1186 anno
688 1145 832 1189 1807.
900 1143 1249 1208 Juramentum
1290 1143 1543 1195 fidelitatis

119 1220 325 1267 quoque
355 1202 484 1250 Suae
516 1204 764 1270 Majestati
797 1222 1050 1274 praestare
1089 1213 1269 1260 solent.
1311 1241 1373 1251 —
1418 1217 1539 1264 Uni-

104 1277 321 1317 ‘versitas
360 1269 478 1320 haec
519 1271 671 1322 habet
697 1295 836 1324 suam
879 1281 1100 1345 amplam
1146 1281 1541 1346 Bibliothecam,

113 1336 384 1402 Speculam
422 1341 829 1392 Astronomicam
863 1346 1052 1409 (Budae
1078 1351 1129 1396 in
1147 1362 1318 1398 monte
1344 1352 1392 1400 S.
1417 1353 1538 1400 Ger·

112 1404 275 1469 hardi)
314 1405 562 1456 Clinicum
593 1413 840 1460 medicum
861 1450 874 1472 ,
912 1415 1303 1466 Laboratorium
1337 1417 1538 1468 'Chemi·

110 1491 226 1521 cum
259 1485 309 1522 et
337 1473 623 1540 Physicum‚
651 1480 948 1536 Institutum
987 1485 1375 1549 Veterinarium⁹
1406 1490 1538 1537 Hor·

110 1551 219 1589 tum
263 1542 588 1605 Botanicum,
641 1548 903 1597 Musaeum
945 1551 1134 1601 Rerum
1184 1556 1535 1616 Naturalium,

112 1608 477 1660 Collectionem
533 1615 879 1678 Miner-alium,
943 1630 994 1667 et
1043 1623 1362 1686 Nummum,
1416 1628 1536 1673 item

108 1693 247 1724 suam
286 1679 705 1748 Typographiam.
762 1687 1071 1737 Universitas
1101 1691 1218 1740 haec
1262 1692 1410 1740 habet
1442 1694 1533 1741 sibi

109 1744 352 1795 collatum
395 1749 482 1794 Jus
525 1750 689 1799 Gladii
730 1770 948 1820 quoque.
1017 1757 1183 1805 Habet
1227 1777 1312 1808 sua
1361 1763 1529 1827 ampla

111 1811 242 1862 bona
260 1849 275 1870 ,
304 1825 354 1862 et
378 1818 682 1881 peculiarem
705 1822 966 1885 Fundum,
1002 1836 1057 1872 ut
1084 1826 1214 1874 infra
1241 1830 1529 1895 attingetur.

107 1914 155 1970 *J
185 1915 459 1960 Universitas
484 1919 589 1964 haec
613 1924 792 1967 fundata
828 1932 897 1975 est
921 1931 1104 1981 primum
1135 1929 1374 1976 'I'irnaviae
1404 1935 1524 1979 1635.

160 1987 236 2024 per
262 1974 424 2016 Archi·
441 1977 687 2030 Episcopum
712 1984 1054 2039 strigoniensem
1082 1987 1256 2030 Petrum
1286 1990 1529 2047 Patiundum

160 2032 231 2080 qui
264 2031 446 2074 eandem
478 2035 658 2083 100‚000
697 2036 823 2080 flnor.
865 2040 1051 2092 Capitali
1086 2044 1282 2092 dotavit,
1321 2053 1366 2088 et
1400 2050 1442 2090 in
1479 2063 1529 2091 ea

159 2085 479 2132 institutionem
506 2089 687 2133 Jesuitis
717 2098 998 2138 concredidit.
1032 2099 1330 2143 ferdinandus
1350 2103 1403 2145 ΙΙ.
1431 2119 1530 2147 ean-

160 2141 256 2182 dem
297 2141 434 2186 adbuc
463 2147 611 2188 eodem
650 2163 760 2191 anno
803 2151 988 2195 solemni
1032 2154 1220 2197 Decreto
1256 2158 1527 2210 ratihabuit‚

159 2206 206 2237 et
243 2197 433 2248 pluribus
463 2202 710 2258 privilegiis
749 2208 943 2250 donavit.
997 2209 1291 2254 Ferdinandus
1330 2214 1403 2259 111.
1434 2218 1527 2259 fun-

158 2253 255 2293 dum
281 2253 406 2307 hujus
436 2259 762 2310 universitatis,
797 2265 956 2305 donata
996 2268 1035 2307 ei
1074 2266 1378 2319 Praepositura
1407 2272 1525 2314 Thu-

156 2312 254 2349 rotz
288 2312 493 2363 adauxit,
526 2320 570 2354 et
595 2313 699 2355 licet
728 2316 855 2360 initio
876 2319 954 2361 hac
978 2323 1019 2362 in
1048 2321 1347 2368 Universitate
1366 2328 1523 2371 saltem

155 2360 311 2406 Studia
337 2365 645 2421 Philosophica
673 2376 718 2412 et
746 2372 1012 2433 Theologica
1041 2378 1348 2433 tradebantur,
1385 2388 1523 2428 serius

154 2424 299 2462 tamen
333 2421 629 2468 Liberalitate
666 2427 902 2473 Primatum
949 2438 993 2473 et
1019 2435 1199 2476 aliorum
1234 2437 1521 2492 Privatorum‚

160 2475 272 2516 aliae
298 2492 466 2532 quoque
494 2481 738 2525 cathedrae
762 2490 869 2542 erigi
904 2498 1149 2540 coeperunt.
1182 2491 1395 2548 Georgius
1415 2497 1521 2550 Etp-

155 2533 229 2586 Pai
250 2546 326 2584 pro
355 2534 572 2581 cathedra
602 2538 718 2581 Juris
748 2542 884 2585 Patrii
913 2545 1048 2588 15000
1081 2547 1122 2588 fl.
1151 2548 1360 2593 fundavit.
1392 2552 1518 2594 Eme-

153 2589 268 2628 ricus
285 2587 390 2631 Losi
415 2607 550 2646 aeque
572 2599 740 2638 tantum
766 2596 944 2651 legavit.
976 2600 1247 2645 Universitas
1267 2605 1373 2649 haec
1391 2611 1517 2652 initio

152 2657 229 2694 per
250 2657 299 2684 se
324 2646 457 2696 ipsam
487 2652 738 2699 dumtaxat,
770 2651 870 2708 quin
902 2655 1107 2712 Regimen
1139 2659 1359 2705 Publicum
1401 2668 1516 2720 ejus-

154 2699 252 2740 dem
288 2705 488 2745 notitiam
520 2714 782 2759 summeret‚
814 2712 1081 2762 subsistens,
1125 2713 1293 2760 Nomen
1332 2719 1517 2764 Univer-

150 2756 298 2796 sitatis
320 2752 795 2819 (Archi-Episcopalis)
824 2767 1062 2812 societatis
1084 2770 1185 2814 Jesu
1214 2773 1517 2820 Timaviensis

152 2812 302 2861 gessit.
336 2833 389 2843 —
429 2815 581 2866 Quoad
614 2819 812 2872 systema
857 2826 1066 2878 docendi,
1113 2834 1285 2881 praeter
1322 2841 1404 2874 art.
1435 2836 1515 2876 70:

152 2863 274 2908 1723.
300 2881 383 2922 quo
412 2870 559 2917 Status
588 2879 634 2917 et
660 2875 757 2923 00.
791 2879 932 2940 Regni
969 2884 1011 2925 in
1042 2883 1237 2929 omnibus
1264 2887 1438 2934 Scholis
1470 2893 1515 2933 et
