1964 3440
989 218 1319 261 ...50-

582 343 738 391 Maria
788 344 1018 398 Theresia
1059 353 1297 404 Intimato
1337 375 1425 406 suo
1455 358 1514 408 de
1550 362 1698 412 Anno
1733 370 1861 417 17⁷4

445 407 611 469 edito,
660 413 779 461 item
839 417 1085 484 Josephus
1120 423 1182 469 Π.
1238 425 1475 476 Intimato
1514 447 1604 477 suo
1641 432 1701 482 de
1730 453 1862 485 anno

446 482 606 528 1780:
661 481 752 529 2da
789 484 910 552 Maji
987 499 1037 536 et
1087 496 1243 541 17882
1309 500 1395 543 15a
1464 498 1630 546 Martii
1686 503 1860 563 edito,

443 545 572 595 circa
610 554 942 604 successiones
999 575 1205 625 quoque
1232 563 1696 618 Ecclesiasticorum
1730 571 1859 619 Indi*

445 613 718 666 viduorum
752 620 902 670 multa
932 628 1209 690 peculiaria
1248 635 1630 683 constituerunt.

1044 781 1079 842 ᾗ.
1143 787 1221 831 59.

655 905 708 958 2.
766 907 1101 982 Bag-nz’cates
1146 916 1620 991 Ecclesz‘astfzbae.

572 1036 886 1101 Dc'gnz'tates
916 1046 1330 1100 Ecclesiasticas
1357 1055 1406 1101 in
1440 1056 1694 1124 Hungaria
1724 1073 1858 1112 tenet

440 1100 624 1152 Clerus
663 1109 889 1168 Major,
940 1116 1040 1163 sive
1094 1119 1430 1171 Venerabilis
1467 1126 1662 1178 Status
1696 1131 1861 1181 Prae-

433 1172 710 1235 latorum,
750 1206 817 1214 ———
863 1199 1005 1247 „quo
1050 1192 1270 1238 nomine
1297 1194 1338 1238 ii
1373 1191 1721 1255 dumtaxat,
1766 1205 1860 1267 qui

431 1257 510 1288 ex
540 1244 709 1306 Regia
751 1248 1046 1300 collatione
1087 1259 1342 1307 actualia
1371 1274 1424 1309 et
1447 1273 1670 1326 provisa
1702 1268 1858 1319 bene-

416 1309 557 1370 ficia
588 1311 859 1374 obtinent,
898 1321 1340 1388 ἰηλειενῖἰίἐιξαηῑιιν.ις
1382 1337 1539 1384 17'15:
1580 1343 1676 1397 163
1734 1340 1851 1388 item

436 1378 624 1428 clerus
666 1384 885 1445 Minor,
924 1393 1010 1454 qui
1048 1391 1286 1444 beneficia
1330 1415 1416 1446 sua
1450 1414 1588 1451 extra
1621 1406 1852 1456 collatio-

429 1464 544 1494 nem
588 1449 798 1515 Regiam
836 1463 1179 1525 consequitur.
1253 1465 1331 1513 Ad
1369 1466 1573 1519 Clerum
1605 1472 1851 1538 Majorem

429 1515 720 1566 referuntur
764 1539 897 1572 nunc
945 1527 993 1573 in
1041 1533 1216 1595 primis
1263 1543 1363 1582 tres
1407 1536 1559 1597 Archi
1587 1541 1852 1610 Episcopi,

428 1594 605 1649 utpote
638 1588 992 1655 Strigoniensis
1015 1634 1027 1656 ,
1064 1601 1149 1664 qui
1184 1602 1332 1650 simul
1369 1604 1557 1654 Primas
1575 1610 1730 1676 Regni
1761 1625 1850 1674 est,

429 1658 594 1701 1576:
638 1661 712 1707 15.
769 1670 818 1707 et
853 1665 940 1726 qui
978 1666 1210 1729 pluribus
1239 1670 1344 1719 aliis
1373 1691 1579 1740 quoque
1608 1677 1852 1745 legalibus

424 1727 787 1788 praerogativis
822 1731 1018 1793 gaudet,
1055 1742 1216 1786 1550:
1256 1744 1333 1788 64.
1378 1748 1535 1792 1557:
1571 1751 1644 1796 13.
1701 1755 1852 1797 1741:

428 1792 505 1839 10.
543 1801 633 1839 etc.
685 1793 815 1843 Item
841 1798 1256 1874 Archi-Episcopi
1285 1809 1600 1862 Colocsensis
1630 1827 1679 1863 et
1704 1821 1853 1884 Agri-

423 1859 555 1906 ensis
601 1860 914 1914 Referuntur
943 1886 1099 1935 porro
1126 1874 1187 1922 ad
1217 1876 1419 1927 Clerum
1449 1879 1697 1948 Majorem
1718 1903 1850 1935 nunc

420 1927 486 1973 23
513 1927 752 1995 Episcopi
788 1933 1108 2005 Dieocesani‚
1139 1970 1205 2004 -ὴ-
1228 1946 1359 1994 inter
1383 1946 1474 1997 hos
1507 1955 1534 1998 5
1566 1952 1850 2002 Graeci-Ri-

423 2002 503 2043 tus
531 1995 931 2051 catholicorum.
975 2034 1043 2044 —-
1134 2021 1285 2078 atque
1318 2020 1378 2065 21
1421 2018 1660 2087 Episcopi
1713 2023 1848 2071 Titu-

420 2059 581 2123 lares,
632 2063 675 2127 *)
723 2072 816 2118 155
848 2070 1098 2138 Abbates,
1136 2083 1319 2144 partim
1351 2085 1399 2131 in
1431 2087 1647 2137 realibus
1677 2090 1848 2139 Abba-

421 2132 486 2178 tis
518 2134 798 2197 constituti,
837 2144 1020 2204 partim
1055 2146 1232 2198 saltem
1263 2152 1488 2202 titulares
1513 2156 1851 2224 Abbates.**)

421 2199 655 2266 Denique
682 2207 711 2251 3
743 2204 1017 2273 Praepositi
1050 2214 1287 2281 Majores,
1314 2221 1644 2273 Ecclesiarum
1659 2228 1846 2278 Metro·

422 2268 794 2333 pofflanarum,
845 2282 905 2325 21
938 2280 1215 2348 Praepositi
1258 2288 1477 2356 Majores
1507 2293 1845 2346 Ecclesiarum

421 2335 838 2415 cathedraliumz
882 2346 1013 2396 inter
1048 2369 1177 2417 quos
1215 2358 1244 2402 3
1274 2356 1618 2410 Graeci-'Ritus
1650 2365 1843 2416 Cathol.

421 2402 644 2453 Demum
671 2412 700 2456 3
734 2411 1011 2479 Praepositi
1050 2420 1268 2486 Majores
1306 2426 1642 2479 Ecclesiarum
1673 2435 1839 2481 Cone.-

418 2474 696 2538 giatarum3
733 2480 963 2549 Denique
981 2491 1047 2535 96
1064 2488 1144 2536 alii
1176 2493 1470 2561 Praepositi.
1505 2498 1598 2565 ***)
1632 2503 1707 2549 Ad
1729 2505 1840 2552 Cte=

419 2557 534 2589 rum
571 2548 835 2611 minorem,
870 2559 1069 2616 caeteri,
1110 2561 1195 2624 qui
1239 2566 1309 2610 uti
1341 2566 1546 2629 dictum,
1582 2582 1720 2619 extra
1746 2572 1837 2620 Re-

419 2611 551 2674 giam
580 2614 903 2667 coliationem
946 2621 1182 2676 beneficia
1224 2629 1480 2696 obtinent,
1519 2638 1839 2699 referuntur,

418 2687 470 2725 et
503 2680 553 2726 in
586 2699 780 2734 summa
812 2698 947 2738 totus
992 2694 1169 2743 Clerus
1203 2698 1252 2745 in
1285 2701 1542 2770 Hungaria
1585 2708 1838 2756 Partibus-

418 2762 518 2812 que
551 2748 685 2815 ejus,
751 2758 949 2806 circiter
998 2766 1134 2812 9000
1180 2769 1369 2819 animas
1398 2777 1670 2825 constituit.
1721 2779 1837 2825 Per-

417 2832 568 2867 sonae
610 2817 702 2871 hae
728 2823 1102 2890 Ecclesiasticae
1116 2829 1135 2896 ‚'
1157 2845 1208 2884 et
1256 2838 1486 2905 inprimis
1526 2838 1703 2894 Clerus
1733 2846 1836 2894 Ma-
