1897 3440
218 839 809 908 Praeferentialia
881 839 1060 906 Jura
1108 838 1377 926 Regni,

216 1024 219 1028 ›
279 983 496 1062 atque
545 973 825 1053 Regum
865 962 1299 1050 Hungariae.

721 1119 760 1182 ς.
812 1126 851 1167 1.

148 1265 334 1338 Orassgo
364 1259 773 1318 Monam-hivae
820 1254 1142 1330 Regae'mz'm's
1170 1256 1422 1320 Formae

567 1360 627 1412 iu
665 1353 992 1428 Hungarz‘a.

70 1508 293 1598 Statum
327 1547 514 1613 Inclyti
549 1544 709 1610 Regni
742 1546 1063 1613 Hungariae,
1100 1549 1229 1599 sicut
1257 1549 1320 1599 de
1352 1566 1494 1618 prae⁶

67 1620 194 1668 senti
222 1619 563 1676 constituitur,
584 1613 801 1665 Publice
815 1614 1134 1678 luridicum,
1158 1629 1390 1686 respectu
1405 1618 1435 1665 J
1439 1636 1493 1665 u·

62 1690 198 1735 rium
221 1687 372 1752 Regis
405 1685 716 1750 Hungariae‚
767 1696 918 1751 atque
961 1688 1090 1736 Fisci
1121 1689 1299 1756 Regii,
1340 1685 1492 1736 dedu·

65 1772 178 1804 cere
226 1764 276 1801 et
321 1752 540 1818 Legibus
579 1765 917 1802 remonstrare
953 1757 1188 1822 cupiens,
1236 1773 1319 1816 ea,
1363 1771 1493 1821 quae

65 1822 161 1871 huc
189 1821 394 1881 faciunt,
428 1821 696 1889 praecipue
731 1823 794 1869 ab
820 1824 1013 1889 origine
1044 1824 1206 1890 Regni
1236 1841 1397 1890 usque
1429 1821 1491 1871 ad

64 1902 238 1940 nostra
280 1892 534 1954 Tempora
572 1889 870 1940 elucubrare
906 1891 1139 1940 conabar.
1193 1893 1374 1957 Itaque
1403 1907 1490 1949 ea,

64 1977 193 2026 quae
213 1959 514 2025 praecipua,
551 1959 656 2007 sive
684 1958 1102 2025 praeferentialia‚
1134 1971 1191 2008 ut
1226 1960 1292 2006 ita
1308 1957 1489 2017 dicam,

64 2030 186 2076 Jura
221 2028 412 2094 Regni,
451 2035 601 2091 atque
644 2028 794 2092 Regis
826 2026 1115 2093 Hungariae
1163 2028 1215 2074 in
1261 2045 1312 2075 se
1352 2044 1488 2075 com-

63 2097 373 2163 plectuntur,
404 2095 764 2161 praemittenda
792 2097 975 2144 censui.
993 2122 1061 2132 -—
1087 2096 1371 2162 Hungaros,
1399 2096 1488 2160 qui

65 2181 117 2213 se
154 2163 454 2227 Magyaros
490 2164 816 2230 compellant,
848 2182 911 2213 ex
941 2166 1075 2223 Asia,
1095 2187 1163 2199 -·-
1185 2166 1272 2213 ubi
1296 2163 1479 2230 Regio·

65 2242 154 2280 nes
198 2234 330 2280 inter
356 2231 537 2280 fluvios
569 2235 784 2279 Tanaim
805 2269 818 2293 ,
865 2232 1080 2298 Volgam
1118 2242 1168 2280 et
1193 2231 1484 2285 Jaicumin-

67 2299 327 2360 colebant,
378 2298 465 2348 sed
510 2318 660 2366 quas,
690 2318 781 2367 per
832 2300 1045 2348 Gentem
1090 2300 1488 2349 Pacinacitarum

65 2367 359 2429 exturbati,
407 2368 755 2434 derelinquere
799 2368 1080 2429 debebant,
1110 2394 1178 2407 -
1222 2368 1285 2417 ad
1324 2368 1484 2415 Euro-

67 2455 186 2505 pam
228 2435 321 2484 sub
355 2446 546 2503 septem
580 2437 806 2486 Ducibus
845 2438 1072 2493 venisse,
1108 2454 1171 2486 ex
1209 2441 1360 2487 coe'va
1396 2433 1486 2481 Hi·

64 2506 220 2554 storia
268 2505 580 2553 Constantini
632 2505 1094 2571 Porphyrogenitae
1124 2541 1139 2567 ,
1206 2524 1262 2555 ac
1312 2502 1485 2553 seriori

65 2573 326 2638 Anonymi
360 2571 508 2621 Belae
536 2575 691 2640 Regis
727 2574 952 2634 Notarii‚
981 2573 1299 2641 aliorumque
1331 2569 1487 2619 abun-

64 2639 127 2690 de
169 2651 378 2690 constat.
434 2640 734 2708 Priusquam
782 2641 937 2690 iidem
982 2659 1073 2708 per
1103 2639 1440 2691 Bessarabiam
1471 2674 1484 2695 ‚

66 2709 299 2758 Russiam
349 2707 591 2770 Rubram,
623 2709 1007 2769 Lodomeriam,
1047 2721 1096 2758 et
1127 2712 1393 2760 Galliciam
1424 2703 1484 2752 ad

68 2774 191 2826 fines
230 2778 515 2844 Hungariae
543 2780 673 2828 circa
719 2779 1067 2845 Ungvarinum
1115 2789 1165 2827 et
1211 2774 1482 2829 Munkatsi·

68 2863 216 2910 num,
254 2863 385 2895 anno
427 2847 626 2895 circiter
659 2850 770 2896 889.
816 2848 1092 2909 venissent,
1144 2846 1246 2912 jam
1283 2842 1483 2896 eosdem

1170 2922 1191 2963 l
