<?xml version="1.0" encoding="UTF-8"?>
<!DOCTYPE html PUBLIC "-//W3C//DTD XHTML 1.0 Transitional//EN"
    "http://www.w3.org/TR/xhtml1/DTD/xhtml1-transitional.dtd">
<html xmlns="http://www.w3.org/1999/xhtml" xml:lang="en" lang="en">
 <head>
  <title>
</title>
<meta http-equiv="Content-Type" content="text/html;charset=utf-8" />
  <meta name='ocr-system' content='tesseract 3.04.00' />
  <meta name='ocr-capabilities' content='ocr_page ocr_carea ocr_par ocr_line ocrx_word'/>
</head>
<body>
  <div class='ocr_page' id='page_1' title='image "./statuspoliticoju00blas_0054.png"; bbox 0 0 1964 3440; ppageno 0'>
   <div class='ocr_carea' id='block_1_1' title="bbox 992 260 1330 301">
    <p class='ocr_par' dir='ltr' id='par_1_1' title="bbox 992 260 1330 301">
     <span class='ocr_line' id='line_1_1' title="bbox 992 260 1330 301; baseline -0.006 -12"><span class='ocrx_word' id='word_1_1' title='bbox 992 260 1330 301; x_wconf 72' lang='lat'>...44-</span> 
     </span>
    </p>
   </div>
   <div class='ocr_carea' id='block_1_2' title="bbox 441 388 1872 1377">
    <p class='ocr_par' dir='ltr' id='par_1_2' title="bbox 441 388 1872 1377">
     <span class='ocr_line' id='line_1_2' title="bbox 445 388 1863 457; baseline -0.001 -17"><span class='ocrx_word' id='word_1_2' title='bbox 445 392 526 440; x_wconf 81' lang='lat' dir='ltr'><strong>hic</strong></span> <span class='ocrx_word' id='word_1_3' title='bbox 554 388 712 449; x_wconf 83' lang='lat' dir='ltr'><strong>ordo,</strong></span> <span class='ocrx_word' id='word_1_4' title='bbox 748 407 843 456; x_wconf 82' lang='lat' dir='ltr'><strong>pro</strong></span> <span class='ocrx_word' id='word_1_5' title='bbox 871 391 1066 439; x_wconf 81' lang='lat' dir='ltr'><strong>ratione</strong></span> <span class='ocrx_word' id='word_1_6' title='bbox 1099 389 1378 457; x_wconf 89' lang='lat' dir='ltr'><strong>personalis</strong></span> <span class='ocrx_word' id='word_1_7' title='bbox 1409 390 1777 450; x_wconf 84' lang='lat' dir='ltr'><strong>destinctionis,</strong></span> <span class='ocrx_word' id='word_1_8' title='bbox 1812 400 1863 439; x_wconf 79' lang='lat' dir='ltr'><strong>et</strong></span> 
     </span>
     <span class='ocr_line' id='line_1_3' title="bbox 447 456 1859 525; baseline -0.001 -18"><span class='ocrx_word' id='word_1_9' title='bbox 447 459 774 519; x_wconf 84' lang='lat' dir='ltr'><strong>meritorum,</strong></span> <span class='ocrx_word' id='word_1_10' title='bbox 811 457 1081 508; x_wconf 73' lang='lat' dir='ltr'><strong>habettres</strong></span> <span class='ocrx_word' id='word_1_11' title='bbox 1109 459 1314 511; x_wconf 75' lang='lat' dir='ltr'><strong>Classes,</strong></span> <span class='ocrx_word' id='word_1_12' title='bbox 1366 456 1446 507; x_wconf 88' lang='lat' dir='ltr'><strong>Ad</strong></span> <span class='ocrx_word' id='word_1_13' title='bbox 1470 459 1684 525; x_wconf 83' lang='lat' dir='ltr'>primam</span> <span class='ocrx_word' id='word_1_14' title='bbox 1722 458 1859 506; x_wconf 84' lang='lat' dir='ltr'><strong>Clas-</strong></span> 
     </span>
     <span class='ocr_line' id='line_1_4' title="bbox 448 525 1857 593; baseline -0.001 -18"><span class='ocrx_word' id='word_1_15' title='bbox 448 544 553 575; x_wconf 88' lang='lat' dir='ltr'><strong>sem</strong></span> <span class='ocrx_word' id='word_1_16' title='bbox 579 526 870 574; x_wconf 87' lang='lat' dir='ltr'><strong>referuntur</strong></span> <span class='ocrx_word' id='word_1_17' title='bbox 892 526 1097 575; x_wconf 84' lang='lat' dir='ltr'><strong>Ordinis</strong></span> <span class='ocrx_word' id='word_1_18' title='bbox 1121 525 1270 593; x_wconf 89' lang='lat' dir='ltr'><strong>hujus</strong></span> <span class='ocrx_word' id='word_1_19' title='bbox 1288 528 1497 592; x_wconf 83' lang='lat' dir='ltr'>Magnae</span> <span class='ocrx_word' id='word_1_20' title='bbox 1521 527 1693 576; x_wconf 85' lang='lat' dir='ltr'>Crucis</span> <span class='ocrx_word' id='word_1_21' title='bbox 1706 527 1857 592; x_wconf 86' lang='lat' dir='ltr'><strong>Equi-</strong></span> 
     </span>
     <span class='ocr_line' id='line_1_5' title="bbox 451 593 1861 658; baseline -0.001 -15"><span class='ocrx_word' id='word_1_22' title='bbox 451 607 552 650; x_wconf 77' lang='lat' dir='ltr'><strong>tes,</strong></span> <span class='ocrx_word' id='word_1_23' title='bbox 591 612 736 643; x_wconf 89' lang='lat' dir='ltr'><strong>sensu</strong></span> <span class='ocrx_word' id='word_1_24' title='bbox 773 596 963 658; x_wconf 85' lang='lat' dir='ltr'>primae</span> <span class='ocrx_word' id='word_1_25' title='bbox 991 597 1325 644; x_wconf 75' lang='lat' dir='ltr'><strong>Institutionis</strong></span> <span class='ocrx_word' id='word_1_26' title='bbox 1357 593 1619 643; x_wconf 84' lang='lat' dir='ltr'><strong>Individua</strong></span> <span class='ocrx_word' id='word_1_27' title='bbox 1652 599 1732 643; x_wconf 82' lang='lat'><strong>20.</strong></span> <span class='ocrx_word' id='word_1_28' title='bbox 1780 593 1861 642; x_wconf 86' lang='lat' dir='ltr'><strong>Ad</strong></span> 
     </span>
     <span class='ocr_line' id='line_1_6' title="bbox 445 661 1866 728; baseline 0 -17"><span class='ocrx_word' id='word_1_29' title='bbox 445 661 717 711; x_wconf 86' lang='lat' dir='ltr'><strong>secundam</strong></span> <span class='ocrx_word' id='word_1_30' title='bbox 750 661 970 711; x_wconf 70' lang='lat' dir='ltr'><strong>Classem</strong></span> <span class='ocrx_word' id='word_1_31' title='bbox 1010 663 1213 712; x_wconf 83' lang='lat' dir='ltr'>Ordinis</span> <span class='ocrx_word' id='word_1_32' title='bbox 1242 662 1352 728; x_wconf 87' lang='lat' dir='ltr'><strong>ejus</strong></span> <span class='ocrx_word' id='word_1_33' title='bbox 1391 662 1866 722; x_wconf 86' lang='lat' dir='ltr'><strong>Commendatores,</strong></span> 
     </span>
     <span class='ocr_line' id='line_1_7' title="bbox 445 728 1866 797; baseline -0.001 -18"><span class='ocrx_word' id='word_1_34' title='bbox 445 730 710 780; x_wconf 86' lang='lat' dir='ltr'><strong>Individua</strong></span> <span class='ocrx_word' id='word_1_35' title='bbox 741 732 822 777; x_wconf 91' lang='grc'><strong>30.</strong></span> <span class='ocrx_word' id='word_1_36' title='bbox 877 730 957 778; x_wconf 86' lang='lat' dir='ltr'><strong>Ad</strong></span> <span class='ocrx_word' id='word_1_37' title='bbox 996 734 1194 780; x_wconf 82' lang='lat' dir='ltr'><strong>tertiam</strong></span> <span class='ocrx_word' id='word_1_38' title='bbox 1239 733 1460 782; x_wconf 82' lang='lat' dir='ltr'><strong>Classem</strong></span> <span class='ocrx_word' id='word_1_39' title='bbox 1511 730 1715 778; x_wconf 82' lang='lat' dir='ltr'><strong>Ordinis</strong></span> <span class='ocrx_word' id='word_1_40' title='bbox 1756 728 1866 797; x_wconf 89' lang='lat' dir='ltr'><strong>ejus</strong></span> 
     </span>
     <span class='ocr_line' id='line_1_8' title="bbox 445 796 1865 864; baseline -0.001 -17"><span class='ocrx_word' id='word_1_41' title='bbox 445 801 635 847; x_wconf 83' lang='lat' dir='ltr'>Parvae</span> <span class='ocrx_word' id='word_1_42' title='bbox 664 799 839 846; x_wconf 81' lang='lat' dir='ltr'>Crucis</span> <span class='ocrx_word' id='word_1_43' title='bbox 877 798 1113 864; x_wconf 83' lang='lat' dir='ltr'><strong>Equites,</strong></span> <span class='ocrx_word' id='word_1_44' title='bbox 1145 799 1412 848; x_wconf 87' lang='lat' dir='ltr'><strong>Individua</strong></span> <span class='ocrx_word' id='word_1_45' title='bbox 1456 803 1534 849; x_wconf 83' lang='lat'><strong>50.</strong></span> <span class='ocrx_word' id='word_1_46' title='bbox 1589 800 1732 847; x_wconf 90' lang='lat' dir='ltr'><strong>Nunc</strong></span> <span class='ocrx_word' id='word_1_47' title='bbox 1762 796 1865 863; x_wconf 87' lang='lat' dir='ltr'><strong>jam</strong></span> 
     </span>
     <span class='ocr_line' id='line_1_9' title="bbox 445 864 1866 934; baseline -0.001 -19"><span class='ocrx_word' id='word_1_48' title='bbox 445 867 730 934; x_wconf 75' lang='lat' dir='ltr'><strong>primitivus</strong></span> <span class='ocrx_word' id='word_1_49' title='bbox 777 864 854 915; x_wconf 86' lang='lat' dir='ltr'><strong>hic</strong></span> <span class='ocrx_word' id='word_1_50' title='bbox 896 884 1135 914; x_wconf 86' lang='lat' dir='ltr'><strong>numerus</strong></span> <span class='ocrx_word' id='word_1_51' title='bbox 1175 870 1345 916; x_wconf 81' lang='lat' dir='ltr'><strong>stricte</strong></span> <span class='ocrx_word' id='word_1_52' title='bbox 1391 885 1491 923; x_wconf 85' lang='lat' dir='ltr'><strong>non</strong></span> <span class='ocrx_word' id='word_1_53' title='bbox 1539 867 1866 927; x_wconf 86' lang='lat' dir='ltr'><strong>observatur,</strong></span> 
     </span>
     <span class='ocr_line' id='line_1_10' title="bbox 443 933 1870 985; baseline -0.001 -1"><span class='ocrx_word' id='word_1_54' title='bbox 443 945 496 984; x_wconf 87' lang='lat' dir='ltr'><strong>et</strong></span> <span class='ocrx_word' id='word_1_55' title='bbox 525 934 665 983; x_wconf 89' lang='lat' dir='ltr'><strong>Ordo</strong></span> <span class='ocrx_word' id='word_1_56' title='bbox 697 934 774 982; x_wconf 87' lang='lat' dir='ltr'><strong>hic</strong></span> <span class='ocrx_word' id='word_1_57' title='bbox 815 935 964 982; x_wconf 83' lang='lat' dir='ltr'><strong>etiam</strong></span> <span class='ocrx_word' id='word_1_58' title='bbox 999 936 1264 983; x_wconf 75' lang='lat' dir='ltr'><strong>Extraneis</strong></span> <span class='ocrx_word' id='word_1_59' title='bbox 1284 935 1560 985; x_wconf 79' lang='lat' dir='ltr'><strong>confertur.</strong></span> <span class='ocrx_word' id='word_1_60' title='bbox 1603 935 1771 983; x_wconf 79' lang='lat' dir='ltr'><strong>Plura</strong></span> <span class='ocrx_word' id='word_1_61' title='bbox 1802 933 1870 982; x_wconf 84' lang='lat' dir='ltr'><strong>de</strong></span> 
     </span>
     <span class='ocr_line' id='line_1_11' title="bbox 441 1002 1868 1071; baseline 0 -19"><span class='ocrx_word' id='word_1_62' title='bbox 441 1021 508 1052; x_wconf 80' lang='lat' dir='ltr'><strong>eo</strong></span> <span class='ocrx_word' id='word_1_63' title='bbox 535 1014 722 1052; x_wconf 82' lang='lat' dir='ltr'><strong>tenent</strong></span> <span class='ocrx_word' id='word_1_64' title='bbox 758 1003 1184 1052; x_wconf 73' lang='lat' dir='ltr'><strong>Constitutiones</strong></span> <span class='ocrx_word' id='word_1_65' title='bbox 1207 1004 1435 1068; x_wconf 72' lang='lat' dir='ltr'><strong>Insignis</strong></span> <span class='ocrx_word' id='word_1_66' title='bbox 1473 1002 1684 1052; x_wconf 77' lang='lat' dir='ltr'><strong>Ordinis</strong></span> <span class='ocrx_word' id='word_1_67' title='bbox 1705 1004 1868 1071; x_wconf 82' lang='lat' dir='ltr'><strong>Equi-</strong></span> 
     </span>
     <span class='ocr_line' id='line_1_12' title="bbox 448 1069 1664 1137; baseline -0.001 -16"><span class='ocrx_word' id='word_1_68' title='bbox 448 1084 571 1121; x_wconf 81' lang='lat' dir='ltr'><strong>tum</strong></span> <span class='ocrx_word' id='word_1_69' title='bbox 600 1073 666 1136; x_wconf 40' lang='lat' dir='ltr'><strong>S..</strong></span> <span class='ocrx_word' id='word_1_70' title='bbox 687 1069 962 1137; x_wconf 78' lang='lat' dir='ltr'><strong>Stephani.</strong></span> <span class='ocrx_word' id='word_1_71' title='bbox 1009 1075 1253 1120; x_wconf 78' lang='lat' dir='ltr'><strong>Viennae</strong></span> <span class='ocrx_word' id='word_1_72' title='bbox 1284 1071 1431 1127; x_wconf 47' lang='lat'>1261»</span> <span class='ocrx_word' id='word_1_73' title='bbox 1464 1070 1664 1121; x_wconf 81' lang='lat' dir='ltr'><strong>editae.</strong></span> 
     </span>
     <span class='ocr_line' id='line_1_13' title="bbox 444 1156 1869 1211; baseline 0.001 -12"><span class='ocrx_word' id='word_1_74' title='bbox 444 1158 485 1209; x_wconf 61' lang='lat'><strong>⁶)</strong></span> <span class='ocrx_word' id='word_1_75' title='bbox 515 1158 697 1200; x_wconf 79' lang='lat' dir='ltr'><strong>Praeter</strong></span> <span class='ocrx_word' id='word_1_76' title='bbox 722 1159 830 1203; x_wconf 83' lang='lat' dir='ltr'><strong>hunc</strong></span> <span class='ocrx_word' id='word_1_77' title='bbox 860 1159 1054 1201; x_wconf 85' lang='lat' dir='ltr'><strong>ordinem</strong></span> <span class='ocrx_word' id='word_1_78' title='bbox 1083 1158 1225 1199; x_wconf 88' lang='lat' dir='ltr'><strong>nullus</strong></span> <span class='ocrx_word' id='word_1_79' title='bbox 1247 1157 1358 1199; x_wconf 79' lang='lat' dir='ltr'><strong>alter</strong></span> <span class='ocrx_word' id='word_1_80' title='bbox 1387 1156 1504 1200; x_wconf 77' lang='lat' dir='ltr'><strong>Ordo</strong></span> <span class='ocrx_word' id='word_1_81' title='bbox 1525 1158 1726 1211; x_wconf 86' lang='lat' dir='ltr'><strong>Equitum</strong></span> <span class='ocrx_word' id='word_1_82' title='bbox 1745 1157 1869 1200; x_wconf 86' lang='lat' dir='ltr'><strong>Hun-</strong></span> 
     </span>
     <span class='ocr_line' id='line_1_14' title="bbox 496 1215 1869 1269; baseline -0.001 -14"><span class='ocrx_word' id='word_1_83' title='bbox 496 1217 670 1269; x_wconf 72' lang='lat' dir='ltr'><strong>garicus</strong></span> <span class='ocrx_word' id='word_1_84' title='bbox 695 1217 880 1262; x_wconf 78' lang='lat' dir='ltr'><strong>existit,</strong></span> <span class='ocrx_word' id='word_1_85' title='bbox 924 1229 1065 1267; x_wconf 84' lang='lat' dir='ltr'><strong>neque</strong></span> <span class='ocrx_word' id='word_1_86' title='bbox 1103 1215 1282 1268; x_wconf 77' lang='lat' dir='ltr'><strong>Equites</strong></span> <span class='ocrx_word' id='word_1_87' title='bbox 1315 1216 1497 1263; x_wconf 63' lang='lat' dir='ltr'><strong>Amavi,</strong></span> <span class='ocrx_word' id='word_1_88' title='bbox 1534 1217 1604 1267; x_wconf 88' lang='lat' dir='ltr'><strong>qui</strong></span> <span class='ocrx_word' id='word_1_89' title='bbox 1642 1216 1869 1256; x_wconf 75' lang='lat' dir='ltr'><strong>occasione</strong></span> 
     </span>
     <span class='ocr_line' id='line_1_15' title="bbox 498 1269 1869 1323; baseline -0.001 -10"><span class='ocrx_word' id='word_1_90' title='bbox 498 1272 808 1314; x_wconf 75' lang='lat' dir='ltr'><strong>coronationis</strong></span> <span class='ocrx_word' id='word_1_91' title='bbox 832 1286 909 1323; x_wconf 85' lang='lat' dir='ltr'><strong>per</strong></span> <span class='ocrx_word' id='word_1_92' title='bbox 934 1271 1095 1323; x_wconf 71' lang='lat' dir='ltr'><strong>Regem</strong></span> <span class='ocrx_word' id='word_1_93' title='bbox 1127 1273 1365 1313; x_wconf 71' lang='lat' dir='ltr'><strong>attactione</strong></span> <span class='ocrx_word' id='word_1_94' title='bbox 1394 1269 1554 1312; x_wconf 84' lang='lat' dir='ltr'><strong>Gladio</strong></span> <span class='ocrx_word' id='word_1_95' title='bbox 1583 1272 1627 1311; x_wconf 79' lang='lat' dir='ltr'><strong>S·</strong></span> <span class='ocrx_word' id='word_1_96' title='bbox 1656 1270 1869 1322; x_wconf 69' lang='lat' dir='ltr'><strong>Stephani</strong></span> 
     </span>
     <span class='ocr_line' id='line_1_16' title="bbox 499 1326 1872 1377; baseline -0.001 -9"><span class='ocrx_word' id='word_1_97' title='bbox 499 1332 733 1375; x_wconf 70' lang='lat' dir='ltr'><strong>creantur,</strong></span> <span class='ocrx_word' id='word_1_98' title='bbox 767 1327 976 1369; x_wconf 85' lang='lat' dir='ltr'><strong>Ordinem</strong></span> <span class='ocrx_word' id='word_1_99' title='bbox 1009 1326 1213 1377; x_wconf 54' lang='lat' dir='ltr'><strong>Equitum</strong></span> <span class='ocrx_word' id='word_1_100' title='bbox 1242 1329 1525 1368; x_wconf 60' lang='lat' dir='ltr'><strong>constituunt.</strong></span> <span class='ocrx_word' id='word_1_101' title='bbox 1558 1327 1777 1369; x_wconf 72' lang='lat' dir='ltr'><strong>Austriaci</strong></span> <span class='ocrx_word' id='word_1_102' title='bbox 1804 1333 1872 1367; x_wconf 84' lang='lat' dir='ltr'><strong>ta-</strong></span> 
     </span>
    </p>
   </div>
   <div class='ocr_carea' id='block_1_3' title="bbox 497 1383 1873 1493">
    <p class='ocr_par' dir='ltr' id='par_1_3' title="bbox 497 1383 1873 1493">
     <span class='ocr_line' id='line_1_17' title="bbox 497 1383 1873 1438; baseline -0.002 -14"><span class='ocrx_word' id='word_1_103' title='bbox 497 1398 595 1424; x_wconf 86' lang='lat' dir='ltr'><strong>men</strong></span> <span class='ocrx_word' id='word_1_104' title='bbox 636 1384 840 1435; x_wconf 66' lang='lat' dir='ltr'><strong>ordines,</strong></span> <span class='ocrx_word' id='word_1_105' title='bbox 874 1396 977 1436; x_wconf 90' lang='lat' dir='ltr'><strong>quos</strong></span> <span class='ocrx_word' id='word_1_106' title='bbox 1014 1383 1210 1438; x_wconf 80' lang='lat' dir='ltr'><strong>Hungari</strong></span> <span class='ocrx_word' id='word_1_107' title='bbox 1253 1397 1420 1435; x_wconf 82' lang='lat' dir='ltr'><strong>quoque</strong></span> <span class='ocrx_word' id='word_1_108' title='bbox 1475 1384 1638 1423; x_wconf 74' lang='lat' dir='ltr'><strong>meritis</strong></span> <span class='ocrx_word' id='word_1_109' title='bbox 1686 1384 1873 1433; x_wconf 77' lang='lat' dir='ltr'><strong>adipisci</strong></span> 
     </span>
     <span class='ocr_line' id='line_1_18' title="bbox 499 1437 1867 1493; baseline -0.001 -14"><span class='ocrx_word' id='word_1_110' title='bbox 499 1447 708 1491; x_wconf 78' lang='lat' dir='ltr'><strong>possunt,</strong></span> <span class='ocrx_word' id='word_1_111' title='bbox 751 1441 897 1493; x_wconf 83' lang='lat' dir='ltr'><strong>plures</strong></span> <span class='ocrx_word' id='word_1_112' title='bbox 927 1441 1156 1489; x_wconf 76' lang='lat' dir='ltr'><strong>existunt,</strong></span> <span class='ocrx_word' id='word_1_113' title='bbox 1189 1446 1236 1480; x_wconf 86' lang='lat' dir='ltr'><strong>ut</strong></span> <span class='ocrx_word' id='word_1_114' title='bbox 1260 1448 1388 1480; x_wconf 76' lang='lat' dir='ltr'><strong>sunt:</strong></span> <span class='ocrx_word' id='word_1_115' title='bbox 1430 1438 1553 1479; x_wconf 83' lang='lat' dir='ltr'><strong>Ordo</strong></span> <span class='ocrx_word' id='word_1_116' title='bbox 1587 1438 1723 1479; x_wconf 78' lang='lat' dir='ltr'><strong>Aurei</strong></span> <span class='ocrx_word' id='word_1_117' title='bbox 1762 1437 1867 1479; x_wconf 89' lang='lat' dir='ltr'><strong>Vel-</strong></span> 
     </span>
    </p>
   </div>
   <div class='ocr_carea' id='block_1_4' title="bbox 495 1492 1893 1661">
    <p class='ocr_par' dir='ltr' id='par_1_4' title="bbox 495 1492 1893 1661">
     <span class='ocr_line' id='line_1_19' title="bbox 498 1492 1870 1538; baseline -0.002 -3"><span class='ocrx_word' id='word_1_118' title='bbox 498 1494 605 1537; x_wconf 84' lang='lat' dir='ltr'><strong>leris</strong></span> <span class='ocrx_word' id='word_1_119' title='bbox 642 1495 798 1538; x_wconf 85' lang='lat' dir='ltr'><strong>Civilis</strong></span> <span class='ocrx_word' id='word_1_120' title='bbox 828 1503 872 1537; x_wconf 81' lang='lat' dir='ltr'><strong>et</strong></span> <span class='ocrx_word' id='word_1_121' title='bbox 906 1495 1135 1536; x_wconf 84' lang='lat' dir='ltr'><strong>Militaris.</strong></span> <span class='ocrx_word' id='word_1_122' title='bbox 1182 1518 1236 1525; x_wconf 89' lang='lat'><strong>-—</strong></span> <span class='ocrx_word' id='word_1_123' title='bbox 1281 1494 1399 1537; x_wconf 90' lang='lat' dir='ltr'><strong>Ordo</strong></span> <span class='ocrx_word' id='word_1_124' title='bbox 1440 1492 1654 1537; x_wconf 75' lang='lat' dir='ltr'><strong>Militaris</strong></span> <span class='ocrx_word' id='word_1_125' title='bbox 1704 1493 1870 1534; x_wconf 78' lang='lat' dir='ltr'><strong>Mariae</strong></span> 
     </span>
     <span class='ocr_line' id='line_1_20' title="bbox 498 1548 1893 1605; baseline -0.001 -13"><span class='ocrx_word' id='word_1_126' title='bbox 498 1550 770 1602; x_wconf 79' lang='lat' dir='ltr'><strong>Theresiae,</strong></span> <span class='ocrx_word' id='word_1_127' title='bbox 810 1573 866 1581; x_wconf 96' lang='lat'>—</span> <span class='ocrx_word' id='word_1_128' title='bbox 909 1553 1031 1593; x_wconf 89' lang='lat' dir='ltr'><strong>Ordo</strong></span> <span class='ocrx_word' id='word_1_129' title='bbox 1060 1550 1274 1605; x_wconf 84' lang='lat' dir='ltr'><strong>Leopoldi</strong></span> <span class='ocrx_word' id='word_1_130' title='bbox 1315 1551 1599 1602; x_wconf 73' lang='lat' dir='ltr'><strong>Imperatoris</strong></span> <span class='ocrx_word' id='word_1_131' title='bbox 1634 1548 1793 1592; x_wconf 82' lang='lat' dir='ltr'><strong>Civilis</strong></span> <span class='ocrx_word' id='word_1_132' title='bbox 1823 1555 1893 1590; x_wconf 63' lang='lat' dir='ltr'><strong>et&gt;</strong></span> 
     </span>
     <span class='ocr_line' id='line_1_21' title="bbox 495 1603 1865 1661; baseline -0.002 -13"><span class='ocrx_word' id='word_1_133' title='bbox 495 1606 754 1659; x_wconf 76' lang='lat' dir='ltr'><strong>Militaris,</strong></span> <span class='ocrx_word' id='word_1_134' title='bbox 829 1608 949 1650; x_wconf 78' lang='lat' dir='ltr'><strong>Ordo</strong></span> <span class='ocrx_word' id='word_1_135' title='bbox 1008 1607 1207 1650; x_wconf 84' lang='lat' dir='ltr'><strong>Coronae</strong></span> <span class='ocrx_word' id='word_1_136' title='bbox 1250 1607 1451 1648; x_wconf 82' lang='lat' dir='ltr'><strong>Ferreae.</strong></span> <span class='ocrx_word' id='word_1_137' title='bbox 1509 1628 1565 1636; x_wconf 92' lang='lat'><strong>-·</strong></span> <span class='ocrx_word' id='word_1_138' title='bbox 1612 1603 1767 1661; x_wconf 66' lang='lat' dir='ltr'><strong>(Dtbcn</strong></span> <span class='ocrx_word' id='word_1_139' title='bbox 1802 1607 1865 1646; x_wconf 76' lang='lat' dir='ltr'><strong>bet</strong></span> 
     </span>
    </p>
   </div>
   <div class='ocr_carea' id='block_1_5' title="bbox 498 1660 1866 1776">
    <p class='ocr_par' dir='ltr' id='par_1_5' title="bbox 498 1660 1866 1776">
     <span class='ocr_line' id='line_1_22' title="bbox 499 1660 1866 1720; baseline 0 -16"><span class='ocrx_word' id='word_1_140' title='bbox 499 1660 909 1719; x_wconf 64' lang='lat' dir='ltr'><strong>Qifetnemsttone.)</strong></span> <span class='ocrx_word' id='word_1_141' title='bbox 943 1662 1067 1705; x_wconf 85' lang='lat' dir='ltr'><strong>Crux</strong></span> <span class='ocrx_word' id='word_1_142' title='bbox 1093 1664 1284 1706; x_wconf 80' lang='lat' dir='ltr'><strong>Honoris</strong></span> <span class='ocrx_word' id='word_1_143' title='bbox 1308 1677 1440 1706; x_wconf 85' lang='lat' dir='ltr'><strong>aurea</strong></span> <span class='ocrx_word' id='word_1_144' title='bbox 1473 1669 1520 1706; x_wconf 86' lang='lat' dir='ltr'><strong>et</strong></span> <span class='ocrx_word' id='word_1_145' title='bbox 1549 1668 1763 1720; x_wconf 80' lang='lat' dir='ltr'><strong>argentea</strong></span> <span class='ocrx_word' id='word_1_146' title='bbox 1791 1661 1866 1704; x_wconf 83' lang='lat' dir='ltr'><strong>Ci-</strong></span> 
     </span>
     <span class='ocr_line' id='line_1_23' title="bbox 498 1718 1098 1776; baseline 0.003 -15"><span class='ocrx_word' id='word_1_147' title='bbox 498 1719 616 1763; x_wconf 73' lang='lat' dir='ltr'><strong>vilis.</strong></span> <span class='ocrx_word' id='word_1_148' title='bbox 648 1719 783 1766; x_wconf 62' lang='lat' dir='ltr'><strong>(eina</strong></span> <span class='ocrx_word' id='word_1_149' title='bbox 808 1718 1098 1776; x_wconf 61' lang='grc' dir='ltr'><strong>Ευτωῐεειη.)</strong></span> 
     </span>
    </p>
   </div>
   <div class='ocr_carea' id='block_1_6' title="bbox 444 1830 1868 2250">
    <p class='ocr_par' dir='ltr' id='par_1_6' title="bbox 444 1830 1868 2250">
     <span class='ocr_line' id='line_1_24' title="bbox 1084 1830 1241 1892; baseline 0 -17"><span class='ocrx_word' id='word_1_150' title='bbox 1084 1830 1124 1892; x_wconf 60' lang='grc' dir='ltr'><strong>ς.</strong></span> <span class='ocrx_word' id='word_1_151' title='bbox 1165 1835 1241 1879; x_wconf 81' lang='lat'><strong>52.</strong></span> 
     </span>
     <span class='ocr_line' id='line_1_25' title="bbox 818 1930 1496 2008; baseline -0.001 -19"><span class='ocrx_word' id='word_1_152' title='bbox 818 1936 873 1989; x_wconf 84' lang='lat'><strong>3.</strong></span> <span class='ocrx_word' id='word_1_153' title='bbox 918 1935 1260 1993; x_wconf 76' lang='lat' dir='ltr'><strong>Consiliarii</strong></span> <span class='ocrx_word' id='word_1_154' title='bbox 1294 1930 1496 2008; x_wconf 62' lang='lat' dir='ltr'><strong>Regis—‘2‘</strong></span> 
     </span>
     <span class='ocr_line' id='line_1_26' title="bbox 538 2043 1864 2113; baseline -0.003 -19"><span class='ocrx_word' id='word_1_155' title='bbox 538 2048 544 2053; x_wconf 82' lang='lat'>&#39;</span> <span class='ocrx_word' id='word_1_156' title='bbox 581 2045 661 2094; x_wconf 87' lang='lat' dir='ltr'><strong>Ad</strong></span> <span class='ocrx_word' id='word_1_157' title='bbox 699 2045 888 2094; x_wconf 83' lang='lat' dir='ltr'><strong>Aulam</strong></span> <span class='ocrx_word' id='word_1_158' title='bbox 930 2047 1141 2112; x_wconf 83' lang='lat' dir='ltr'><strong>Regiam</strong></span> <span class='ocrx_word' id='word_1_159' title='bbox 1174 2063 1332 2113; x_wconf 86' lang='lat' dir='ltr'><strong>porro</strong></span> <span class='ocrx_word' id='word_1_160' title='bbox 1373 2044 1664 2094; x_wconf 83' lang='lat' dir='ltr'><strong>referuntur</strong></span> <span class='ocrx_word' id='word_1_161' title='bbox 1709 2043 1864 2110; x_wconf 84' lang='lat' dir='ltr'><strong>Regis</strong></span> 
     </span>
     <span class='ocr_line' id='line_1_27' title="bbox 446 2111 1868 2181; baseline -0.002 -20"><span class='ocrx_word' id='word_1_162' title='bbox 446 2112 731 2180; x_wconf 84' lang='lat' dir='ltr'><strong>Hungariae</strong></span> <span class='ocrx_word' id='word_1_163' title='bbox 765 2113 1075 2174; x_wconf 87' lang='lat' dir='ltr'><strong>Consiliarii,</strong></span> <span class='ocrx_word' id='word_1_164' title='bbox 1115 2132 1244 2181; x_wconf 85' lang='lat' dir='ltr'><strong>quos</strong></span> <span class='ocrx_word' id='word_1_165' title='bbox 1277 2114 1378 2164; x_wconf 86' lang='lat' dir='ltr'><strong>Sua</strong></span> <span class='ocrx_word' id='word_1_166' title='bbox 1421 2111 1655 2173; x_wconf 70' lang='lat' dir='ltr'><strong>Maiestas</strong></span> <span class='ocrx_word' id='word_1_167' title='bbox 1689 2116 1868 2159; x_wconf 86' lang='lat' dir='ltr'><strong>tenore</strong></span> 
     </span>
     <span class='ocr_line' id='line_1_28' title="bbox 444 2180 1862 2250; baseline -0.002 -21"><span class='ocrx_word' id='word_1_168' title='bbox 444 2180 639 2250; x_wconf 85' lang='lat' dir='ltr'><strong>Legum</strong></span> <span class='ocrx_word' id='word_1_169' title='bbox 657 2183 954 2244; x_wconf 84' lang='lat' dir='ltr'><strong>Patriarum,</strong></span> <span class='ocrx_word' id='word_1_170' title='bbox 990 2187 1150 2233; x_wconf 75' lang='lat'>1439:</span> <span class='ocrx_word' id='word_1_171' title='bbox 1175 2189 1249 2234; x_wconf 85' lang='lat'><strong>15.</strong></span> <span class='ocrx_word' id='word_1_172' title='bbox 1291 2186 1443 2233; x_wconf 86' lang='lat'>1509:</span> <span class='ocrx_word' id='word_1_173' title='bbox 1476 2185 1555 2231; x_wconf 87' lang='grc'><strong>38.</strong></span> <span class='ocrx_word' id='word_1_174' title='bbox 1606 2183 1862 2233; x_wconf 78' lang='lat'>1608210.</span> 
     </span>
    </p>
   </div>
   <div class='ocr_carea' id='block_1_7' title="bbox 443 2249 1865 2387">
    <p class='ocr_par' dir='ltr' id='par_1_7' title="bbox 443 2249 1865 2387">
     <span class='ocr_line' id='line_1_29' title="bbox 443 2249 1863 2315; baseline -0.004 -14"><span class='ocrx_word' id='word_1_175' title='bbox 443 2268 486 2297; x_wconf 79' lang='lat' dir='ltr'><strong>a.</strong></span> <span class='ocrx_word' id='word_1_176' title='bbox 514 2270 618 2301; x_wconf 86' lang='lat' dir='ltr'><strong>cor.</strong></span> <span class='ocrx_word' id='word_1_177' title='bbox 656 2255 813 2303; x_wconf 80' lang='lat'>2687:</span> <span class='ocrx_word' id='word_1_178' title='bbox 846 2258 892 2302; x_wconf 91' lang='lat'><strong>8.</strong></span> <span class='ocrx_word' id='word_1_179' title='bbox 932 2269 1022 2301; x_wconf 92' lang='lat' dir='ltr'><strong>suo</strong></span> <span class='ocrx_word' id='word_1_180' title='bbox 1049 2252 1274 2312; x_wconf 81' lang='lat' dir='ltr'><strong>arbitrio,</strong></span> <span class='ocrx_word' id='word_1_181' title='bbox 1297 2262 1345 2299; x_wconf 85' lang='lat' dir='ltr'><strong>et</strong></span> <span class='ocrx_word' id='word_1_182' title='bbox 1364 2250 1519 2300; x_wconf 86' lang='lat' dir='ltr'><strong>libere</strong></span> <span class='ocrx_word' id='word_1_183' title='bbox 1548 2250 1738 2315; x_wconf 84' lang='lat' dir='ltr'><strong>absque</strong></span> <span class='ocrx_word' id='word_1_184' title='bbox 1763 2249 1863 2298; x_wconf 87' lang='lat' dir='ltr'><strong>Na-</strong></span> 
     </span>
     <span class='ocr_line' id='line_1_30' title="bbox 445 2317 1865 2387; baseline -0.002 -22"><span class='ocrx_word' id='word_1_185' title='bbox 445 2320 643 2368; x_wconf 86' lang='lat' dir='ltr'><strong>tionum</strong></span> <span class='ocrx_word' id='word_1_186' title='bbox 670 2330 720 2368; x_wconf 85' lang='lat' dir='ltr'><strong>et</strong></span> <span class='ocrx_word' id='word_1_187' title='bbox 759 2321 1084 2387; x_wconf 84' lang='lat' dir='ltr'><strong>Religionum</strong></span> <span class='ocrx_word' id='word_1_188' title='bbox 1123 2319 1408 2369; x_wconf 83' lang='lat' dir='ltr'><strong>discrimine</strong></span> <span class='ocrx_word' id='word_1_189' title='bbox 1448 2319 1611 2385; x_wconf 81' lang='lat' dir='ltr'><strong>eligit,</strong></span> <span class='ocrx_word' id='word_1_190' title='bbox 1660 2334 1722 2366; x_wconf 82' lang='lat' dir='ltr'><strong>ex</strong></span> <span class='ocrx_word' id='word_1_191' title='bbox 1752 2317 1865 2383; x_wconf 80' lang='lat' dir='ltr'><strong>qui·</strong></span> 
     </span>
    </p>
   </div>
   <div class='ocr_carea' id='block_1_8' title="bbox 445 2386 1945 2456">
    <p class='ocr_par' dir='ltr' id='par_1_8' title="bbox 445 2386 1945 2456">
     <span class='ocr_line' id='line_1_31' title="bbox 445 2386 1945 2456; baseline -0.004 -20"><span class='ocrx_word' id='word_1_192' title='bbox 445 2386 540 2438; x_wconf 86' lang='lat' dir='ltr'><strong>bus</strong></span> <span class='ocrx_word' id='word_1_193' title='bbox 560 2399 725 2438; x_wconf 81' lang='lat' dir='ltr'><strong>tamen</strong></span> <span class='ocrx_word' id='word_1_194' title='bbox 742 2388 803 2436; x_wconf 91' lang='lat' dir='ltr'><strong>ad</strong></span> <span class='ocrx_word' id='word_1_195' title='bbox 817 2407 896 2438; x_wconf 86' lang='lat' dir='ltr'><strong>res</strong></span> <span class='ocrx_word' id='word_1_196' title='bbox 913 2389 1224 2456; x_wconf 83' lang='lat' dir='ltr'><strong>Hungaricas</strong></span> <span class='ocrx_word' id='word_1_197' title='bbox 1239 2388 1535 2448; x_wconf 79' lang='lat' dir='ltr'><strong>tractandaS,</strong></span> <span class='ocrx_word' id='word_1_198' title='bbox 1551 2404 1699 2436; x_wconf 87' lang='lat' dir='ltr'><strong>sensu</strong></span> <span class='ocrx_word' id='word_1_199' title='bbox 1716 2387 1864 2433; x_wconf 83' lang='lat' dir='ltr'><strong>etiam</strong></span> <span class='ocrx_word' id='word_1_200' title='bbox 1944 2442 1945 2448; x_wconf 8' lang='grc' dir='ltr'>ἵ</span> 
     </span>
    </p>
   </div>
   <div class='ocr_carea' id='block_1_9' title="bbox 444 2452 1864 2946">
    <p class='ocr_par' dir='ltr' id='par_1_9' title="bbox 444 2452 1864 2730">
     <span class='ocr_line' id='line_1_32' title="bbox 445 2452 1862 2525; baseline -0.004 -21"><span class='ocrx_word' id='word_1_201' title='bbox 445 2457 661 2506; x_wconf 84' lang='lat' dir='ltr'><strong>aliarum</strong></span> <span class='ocrx_word' id='word_1_202' title='bbox 688 2459 905 2524; x_wconf 81' lang='lat' dir='ltr'><strong>Legum,</strong></span> <span class='ocrx_word' id='word_1_203' title='bbox 954 2458 1187 2525; x_wconf 87' lang='lat' dir='ltr'><strong>inprimis</strong></span> <span class='ocrx_word' id='word_1_204' title='bbox 1228 2458 1455 2523; x_wconf 82' lang='lat' dir='ltr'><strong>Hungari</strong></span> <span class='ocrx_word' id='word_1_205' title='bbox 1482 2452 1746 2504; x_wconf 89' lang='lat' dir='ltr'><strong>adhibendi</strong></span> <span class='ocrx_word' id='word_1_206' title='bbox 1776 2470 1862 2500; x_wconf 84' lang='lat' dir='ltr'><strong>ve-</strong></span> 
     </span>
     <span class='ocr_line' id='line_1_33' title="bbox 444 2526 1864 2592; baseline -0.005 -18"><span class='ocrx_word' id='word_1_207' title='bbox 444 2526 606 2575; x_wconf 79' lang='lat' dir='ltr'><strong>niunt.</strong></span> <span class='ocrx_word' id='word_1_208' title='bbox 621 2526 1034 2576; x_wconf 87' lang='lat' dir='ltr'><strong>Consiliariorum</strong></span> <span class='ocrx_word' id='word_1_209' title='bbox 1048 2526 1322 2592; x_wconf 86' lang='lat' dir='ltr'><strong>Regiorum</strong></span> <span class='ocrx_word' id='word_1_210' title='bbox 1338 2527 1508 2592; x_wconf 86' lang='lat' dir='ltr'><strong>plures</strong></span> <span class='ocrx_word' id='word_1_211' title='bbox 1527 2526 1720 2573; x_wconf 80' lang='lat' dir='ltr'><strong>Classes</strong></span> <span class='ocrx_word' id='word_1_212' title='bbox 1732 2530 1864 2582; x_wconf 85' lang='lat' dir='ltr'><strong>sunt,</strong></span> 
     </span>
     <span class='ocr_line' id='line_1_34' title="bbox 444 2588 1860 2662; baseline -0.006 -18"><span class='ocrx_word' id='word_1_213' title='bbox 444 2604 497 2644; x_wconf 83' lang='lat' dir='ltr'><strong>et</strong></span> <span class='ocrx_word' id='word_1_214' title='bbox 513 2597 699 2644; x_wconf 81' lang='lat' dir='ltr'><strong>nostris</strong></span> <span class='ocrx_word' id='word_1_215' title='bbox 727 2596 1041 2660; x_wconf 84' lang='lat' dir='ltr'><strong>temporibus</strong></span> <span class='ocrx_word' id='word_1_216' title='bbox 1074 2596 1343 2662; x_wconf 86' lang='lat' dir='ltr'><strong>praecipue</strong></span> <span class='ocrx_word' id='word_1_217' title='bbox 1360 2596 1588 2661; x_wconf 79' lang='lat' dir='ltr'><strong>sequenti</strong></span> <span class='ocrx_word' id='word_1_218' title='bbox 1618 2592 1770 2640; x_wconf 89' lang='lat' dir='ltr'><strong>modo</strong></span> <span class='ocrx_word' id='word_1_219' title='bbox 1787 2588 1860 2637; x_wconf 85' lang='lat' dir='ltr'><strong>di-</strong></span> 
     </span>
     <span class='ocr_line' id='line_1_35' title="bbox 447 2664 1492 2730; baseline -0.002 -19"><span class='ocrx_word' id='word_1_220' title='bbox 447 2666 781 2730; x_wconf 78' lang='lat' dir='ltr'><strong>stingvuntur.</strong></span> <span class='ocrx_word' id='word_1_221' title='bbox 819 2664 948 2712; x_wconf 86' lang='lat' dir='ltr'><strong>Sunt</strong></span> <span class='ocrx_word' id='word_1_222' title='bbox 977 2679 1185 2728; x_wconf 89' lang='lat' dir='ltr'><strong>nempe:</strong></span> <span class='ocrx_word' id='word_1_223' title='bbox 1489 2677 1492 2682; x_wconf 79' lang='grc'>’</span> 
     </span>
    </p>

    <p class='ocr_par' dir='ltr' id='par_1_10' title="bbox 447 2724 1863 2946">
     <span class='ocr_line' id='line_1_36' title="bbox 574 2724 1861 2792; baseline -0.003 -14"><span class='ocrx_word' id='word_1_224' title='bbox 574 2734 623 2792; x_wconf 74' lang='lat' dir='ltr'><strong>a)</strong></span> <span class='ocrx_word' id='word_1_225' title='bbox 657 2733 846 2782; x_wconf 85' lang='lat' dir='ltr'><strong>Intimi</strong></span> <span class='ocrx_word' id='word_1_226' title='bbox 861 2732 1053 2782; x_wconf 81' lang='lat' dir='ltr'><strong>Status</strong></span> <span class='ocrx_word' id='word_1_227' title='bbox 1080 2729 1661 2788; x_wconf 76' lang='lat' dir='ltr'><strong>ConsiliariiAetuales</strong></span> <span class='ocrx_word' id='word_1_228' title='bbox 1690 2724 1861 2791; x_wconf 63' lang='lat' dir='ltr'><strong>(fflirl&#39;c</strong></span> 
     </span>
     <span class='ocr_line' id='line_1_37' title="bbox 447 2799 1863 2868; baseline -0.003 -20"><span class='ocrx_word' id='word_1_229' title='bbox 447 2799 551 2860; x_wconf 66' lang='lat' dir='ltr'><strong>Hebe</strong></span> <span class='ocrx_word' id='word_1_230' title='bbox 588 2801 802 2859; x_wconf 55' lang='lat' dir='ltr'><strong>&amp;ebriane</strong></span> <span class='ocrx_word' id='word_1_231' title='bbox 832 2801 1024 2868; x_wconf 68' lang='lat' dir='ltr'><strong>fflc&#39;itbc.)</strong></span> <span class='ocrx_word' id='word_1_232' title='bbox 1062 2820 1281 2867; x_wconf 80' lang='lat' dir='ltr'><strong>quorum</strong></span> <span class='ocrx_word' id='word_1_233' title='bbox 1317 2801 1410 2851; x_wconf 87' lang='lat' dir='ltr'><strong>sub</strong></span> <span class='ocrx_word' id='word_1_234' title='bbox 1451 2801 1666 2850; x_wconf 85' lang='lat' dir='ltr'><strong>Nomine</strong></span> <span class='ocrx_word' id='word_1_235' title='bbox 1708 2799 1863 2864; x_wconf 83' lang='lat' dir='ltr'><strong>Leges</strong></span> 
     </span>
     <span class='ocr_line' id='line_1_38' title="bbox 447 2871 1860 2946; baseline -0.006 -25"><span class='ocrx_word' id='word_1_236' title='bbox 447 2871 660 2922; x_wconf 75' lang='lat' dir='ltr'><strong>Nostrae</strong></span> <span class='ocrx_word' id='word_1_237' title='bbox 677 2875 823 2923; x_wconf 70' lang='lat' dir='ltr'><strong>etiam</strong></span> <span class='ocrx_word' id='word_1_238' title='bbox 843 2871 1308 2946; x_wconf 69' lang='lat' dir='ltr'><strong>Ministros&#39;RegiQS,</strong></span> <span class='ocrx_word' id='word_1_239' title='bbox 1329 2887 1539 2935; x_wconf 50' lang='lat' dir='ltr'><strong>ss-sensu</strong></span> <span class='ocrx_word' id='word_1_240' title='bbox 1563 2871 1700 2918; x_wconf 83' lang='lat'>1608:</span> <span class='ocrx_word' id='word_1_241' title='bbox 1727 2871 1799 2919; x_wconf 81' lang='lat'><strong>10.</strong></span> <span class='ocrx_word' id='word_1_242' title='bbox 1819 2883 1860 2912; x_wconf 82' lang='lat' dir='ltr'><strong>a.</strong></span> 
     </span>
    </p>
   </div>
  </div>
 </body>
</html>
