1964 3440
915 259 981 269 .-
1061 241 1254 285 12.-

368 373 591 492 ejgssdem
622 391 738 425 cum
767 375 1025 445 Hungaria
1058 374 1247 424 arctior
1268 374 1391 425 unio
1425 378 1675 426 1792211.
1707 371 1792 422 de-

368 461 408 491 sl
447 453 630 492 eratur.

365 549 406 598 ὓ)
432 547 579 601 Regna
595 547 705 591 olim
720 548 775 591 ad
800 549 1073 607 Hungariam
1099 550 1365 605 pertinentia
1379 550 1506 601 sunt:
1534 547 1786 594 Dalmatia,

426 603 594 647 Bomz'a
610 632 623 649 .
651 604 836 655 servia,
862 605 1076 662 Rugum,
1106 605 1358 662 Bnlgarz'a,
1403 603 1644 654 Valackia,
1670 602 1792 646 Mol-

422 658 586 710 davz‘a,
628 667 674 703 ec
696 661 902 712 Podolz'a,
938 664 1042 706 item
1073 663 1269 706 Gallz'cz‘a
1306 668 1351 707 et
1387 660 1658 704 Lodomeria.
1697 660 1800 702 Ho-

414 731 514 759 rum
552 718 798 773 Regnorum
827 720 918 762 fata
950 726 994 762 et
1034 721 1359 763 vicissitudines
1400 719 1612 761 concinna
1637 716 1792 759 Histo-

417 774 487 815 ria
516 776 698 826 exponit
723 774 979 818 &Fridericus
1015 776 1237 819 Petrovits
1268 779 1313 819 in
1332 776 1504 818 eximio
1530 786 1662 827 opere
1689 783 1794 827 suo:

419 829 617 885 Magyar
648 829 820 885 Orsza'g
853 829 1107 874 Tb'rte'netez'
1133 832 1339 876 Idb'szakz'
1366 829 1635 875 Ta'bla'kban.
1858 831 1859 834 ’

1007 958 1049 1024 ᾗ.
1103 963 1148 1008 5.
1210 940 1215 952 s

638 1062 905 1137 Inszgnia
943 1055 1145 1135 Regni
1176 1057 1537 1136 Hungart'ae.

507 1191 726 1258 Insignia
748 1190 1116 1259 R.Hungariae
1144 1187 1446 1239 exhibentur
1480 1206 1573 1257 per
1589 1189 1802 1241 Scutum

362 1258 849 1328 perpendiculariter
883 1261 934 1308 in
970 1259 1093 1307 duas
1131 1268 1300 1325 partes
1335 1258 1583 1322 divisum,
1638 1258 1685 1324 ²¹⁶)
1736 1260 1790 1308 in

361 1329 507 1396 cujus
543 1347 656 1378 area
683 1328 890 1389 dextra,
927 1337 977 1376 et
1009 1326 1216 1396 quidem
1243 1345 1424 1395 campo
1457 1327 1642 1389 rubr-0,
1669 1346 1794 1395 qua-

361 1409 483 1446 tuor
516 1407 780 1464 argenteae
813 1398 1022 1458 fasciae,
1064 1396 1276 1444 totidem
1317 1407 1375 1445 ut
1425 1396 1664 1447 nonnulli
1696 1407 1796 1445 sta-

363 1476 539 1527 tuunt,
589 1463 794 1514 Fluvios
845 1465 1137 1532 Hungariae
1187 1466 1489 1532 praecipuos
1541 1464 1804 1533 designan-

364 1545 466 1596 tes,
503 1535 759 1596 visuntur3
807 1535 860 1581 in
909 1535 1108 1583 sinistra
1152 1549 1267 1581 area
1317 1550 1472 1596 vero,
1526 1551 1688 1602 aeque
1743 1536 1798 1583 in

360 1621 542 1669 campo
581 1603 767 1664 rubro,
809 1620 935 1651 crux
982 1612 1238 1670 argenteas
1269 1601 1554 1669 duplicata,
1628 1601 1793 1651 tribus

358 1672 602 1720 viridibus
649 1671 897 1732 collibus,
944 1671 1141 1721 corolla
1177 1687 1329 1718 aurea
1368 1672 1595 1734 ornatis,
1643 1672 1785 1720 insis-

364 1750 487 1801 tens,
519 1741 845 1806 conspicitur.
1631 1764 1633 1767 ·

359 1844 402 1900 “)
454 1846 648 1901 Innignia
689 1845 877 1886 omnium
930 1844 1179 1901 Regnorum
1223 1842 1458 1897 aliquando
1496 1840 1552 1884 ad
1585 1840 1782 1898 Regnum

410 1901 663 1954 Hungariae
702 1903 966 1953 pertinentia
999 1906 1201 1942 accurate
1231 1899 1441 1941 describit
1483 1898 1637 1942 Const.
1679 1898 1783 1940 Far-

411 1957 492 2055 Ιῗς
522 1958 566 1997 in
607 1955 817 2022 opusculo
856 1971 959 2006 suo,
998 1956 1231 2014 Principia
1261 1954 1387 1999 Jurz's
1434 1953 1615 1998 Publici
1637 1954 1791 2011 Regni

470 2026 713 2068 ungarzae„

965 2138 970 2141 ’
997 2139 1037 2203 ς.
1090 2142 1173 2188 12.

670 2233 820 2322 Jurci
861 2261 1048 2339 Regis
1087 2263 1491 2337 ZWIajestatz’ca.

491 2380 567 2429 Ex
605 2398 698 2442 eo,
748 2378 887 2444 quod
925 2395 1177 2425 summum
1216 2376 1375 2424 Civile
1412 2377 1692 2443 Imperium
1743 2375 1793 2421 in

356 2449 516 2514 Reges
550 2448 840 2515 Hungariae
877 2445 1121 2495 collatum
1159 2443 1426 2504 habeatur,
1475 2454 1658 2512 sponte
1711 2460 1789 2492 se-

357 2519 566 2583 quitur,
602 2518 763 2584 Reges
802 2516 1090 2578 Hungariae
1128 2514 1250 2561 Jura
1287 2526 1338 2563 et
1363 2513 1671 2562 Potestatem
1705 2511 1788 2560 ha-

357 2585 478 2633 bere
516 2584 729 2645 debere,
769 2583 955 2650 quibus
991 2583 1127 2631 salus
1157 2594 1206 2630 et
1228 2582 1465 2631 securitas
1494 2582 1656 2648 Regni
1693 2590 1795 2628 tam

356 2655 580 2713 interna,
632 2672 784 2720 quam
820 2662 1061 2708 externa,
1111 2661 1370 2717 tamquam
1411 2667 1637 2699 summus
1685 2647 1797 2696 finis

357 2722 532 2771 Civilis
571 2722 804 2789 Imperii,
843 2720 1058 2769 obtineri
1095 2717 1272 2767 valeat.
1312 2719 1513 2768 Horum
1551 2719 1783 2767 omnium

359 2790 549 2851 jurium
583 2791 895 2856 complexus,
934 2789 1232 2853 majestas,
1267 2799 1506 2848 vocatur,
1536 2789 1644 2854 ipsa
1667 2802 1786 2833 vero

356 2859 445 2908 ina
479 2860 619 2920 Jura,
662 2861 1049 2923 Masescaca‘ca‚
1092 2855 1315 2907 audiunt.
1352 2857 1411 2907 In
1444 2858 1619 2924 Regno
1650 2855 1785 2904 Hun-
