1897 3440
690 230 1024 273 -15.„„

231 385 234 389 ι
286 358 361 405 De
399 366 564 406 cetero
600 358 688 405 Jus
723 359 933 407 Comitia
970 359 1243 416 indicendi,
1280 379 1556 428 eorumque

101 482 105 483 ⁷
154 437 354 491 tempus
391 425 727 492 praefigendi,
760 436 811 472 et
848 424 1017 474 locum
1048 426 1402 477 determinandi
1429 425 1558 479 Suae

151 492 399 559 Majestati
437 498 690 560 competit.
730 495 957 541 Ulad.D.
978 495 1013 541 Ι.
1055 498 1162 542 108.
1201 495 1262 542 D.
1295 498 1358 542 Π.
1399 504 1557 546 25.——
1595 534 1600 535 ν

148 561 300 609 Juxta
340 566 467 610 1635
491 580 499 608 :
523 566 601 611 79.
631 563 844 610 Comitia
872 572 987 608 sunt
1010 559 1380 630 Posonii,juxta
1404 573 1554 617 1764:

155 635 198 677 2.
237 647 358 678 vero
394 629 560 677 Budae
597 629 908 678 celebranda.

299 698 446 755 Quod
495 695 556 744 ad
610 699 836 745 Diaetam
884 716 986 745 non
1035 707 1227 744 tantum
1274 699 1553 766 Hungaria,

147 765 236 814 sed
262 768 412 813 etiam
449 776 615 832 partes
649 764 867 814 adnexae
893 766 1166 832 Ablegatos
1191 778 1305 822 suos
1338 771 1555 830 mittant,

135 852 197 882 ex
233 829 520 899 provocatis
556 832 772 900 Legibus
806 845 854 881 et
906 840 1055 884 1723:
1094 839 1140 882 7.
1199 843 1349 898 patet.
1395 841 1555 887 Antea

141 903 292 948 etiam
346 901 688 950 Transilvania
726 901 784 947 ad
833 903 994 967 Regni
1055 897 1266 951 Comitia
1308 900 1553 966 ablegatos

136 971 345 1029 misisse,
384 968 550 1017 elucet
581 987 642 1015 ex
684 974 840 1016 1553:
884 977 959 1017 15.
1001 998 1063 1008 —-
1101 988 1233 1017 nunc
1269 966 1330 1014 de
1356 986 1551 1022 cons-xe-

141 1038 315 1085 tudine
350 1047 544 1083 tantum
581 1035 863 1098 Episcopus
899 1034 1274 1082 Transilvaniae
1308 1036 1368 1083 ad
1396 1037 1538 1083 Tabu

140 1106 243 1153 lam
280 1106 551 1150 Procerum
590 1099 741 1147 sedet.

260 1168 541 1231 *Modalitas
578 1170 792 1216 Comitia
829 1167 1113 1217 celebrandi
1154 1186 1208 1216 ea
1239 1180 1341 1229 est,
1380 1181 1435 1218 ut
1471 1189 1563 1237 per

138 1241 328 1305 Regem
379 1237 595 1285 Praelati
625 1273 637 1296 ,
691 1238 947 1298 Barones,
991 1251 1041 1286 et
1093 1239 1353 1304 Magnetes
1402 1241 1558 1305 Regni

134 1318 237 1355 tam
273 1306 520 1366 actuales,
557 1322 710 1370 quam
749 1305 979 1354 titulares
1018 1307 1318 1371 specialibus
1355 1309 1563 1356 Litteris

130 1375 401 1441 Regalibus
452 1374 837 1440 personaliter3
889 1401 952 1408 -
1011 1376 1292 1422 Comitatus
1343 1393 1463 1424 vero
1510 1387 1563 1438 ¹et

146 1444 328 1492 caeteri
366 1443 652 1502 Districtus,
689 1460 744 1489 ac
782 1441 991 1489 Liberae
1023 1453 1072 1490 et
1106 1444 1290 1508 Regiae
1327 1445 1564 1493 Civitates

139 1514 190 1558 in
239 1511 417 1578 Diaeta
466 1511 658 1559 Votum
695 1519 745 1556 et
794 1508 1079 1558 sessionem
1130 1510 1367 1559 habentes
1404 1530 1563 1578 aeque

136 1580 341 1627 Litteris
376 1578 673 1644 Regalibus,
702 1595 791 1642 per
824 1595 939 1625 suos
972 1579 1245 1644 Ablegatos
1272 1597 1561 1647 repraesen-

142 1647 348 1706 tandae,
385 1671 452 1706 ε·-
488 1656 778 1694 evocentur.
829 1647 888 1692 In
926 1646 1102 1693 Diaeta
1145 1648 1347 1695 demum
1383 1667 1561 1697 conve-

133 1716 325 1762 nientes
362 1713 575 1761 Praelati
612 1725 661 1761 et
698 1715 968 1780 Magnates‚
1000 1716 1090 1762 sub
1129 1717 1381 1765 Praesidio
1422 1717 1561 1764 palat*

137 1785 225 1830 tini
262 1783 437 1847 Regni,
460 1783 668 1829 seorsim
685 1782 961 1841 consident,
996 1795 1046 1830 et
1086 1781 1338 1832 Tabulam
1369 1785 1564 1834 Proce-

136 1867 253 1899 rum
297 1867 387 1897 seu
427 1849 755 1912 Magnatum
782 1853 1126 1912 constituunt,
1164 1853 1400 1918 Ablegati
1435 1871 1559 1902 vero

139 1920 510 1977 Comitatuum,
567 1919 944 1984 Civitatumque
981 1937 1138 1984 aeque
1178 1924 1384 1968 seorsim
1410 1960 1421 1982 ,
1464 1924 1556 1971 sub

135 1986 409 2034 Praesidio
441 1987 727 2034 Personalis
777 1987 1092 2034 Praesentiae
1129 1988 1311 2054 Regiae
1347 1991 1559 2039 Locum·

139 2056 368 2116 tenentie,
406 2052 680 2111 consident,
726 2065 777 2103 et
821 2054 1071 2103 Tabulam
1102 2057 1341 2104 Statmma
1379 2068 1433 2107 et
1469 2060 1563 2108 Or-

141 2124 315 2170 dz'num
343 2124 516 2185 Regni
540 2122 786 2171 efficiunt.
821 2122 992 2182 Ordo,
1030 2143 1132 2190 quo
1171 2145 1303 2174 nunc
1342 2129 1560 2176 Comitia

141 2191 384 2239 celebrari
422 2191 640 2251 soleant,
691 2203 740 2240 et
776 2193 863 2256 qui
899 2192 959 2239 ad
998 2210 1051 2239 ea
1090 2196 1400 2242 convocandi
1432 2199 1557 2255 sint,

74 2282 78 2285 <
139 2269 279 2325 patet
314 2276 375 2305 ex
412 2258 626 2322 Legibus
681 2260 825 2306 Ulad.
876 2261 929 2307 D.
976 2261 1066 2310 ΙΙΙ.
1117 2269 1154 2308 Ι.
1202 2267 1357 2311 1608:
1428 2271 1469 2313 Ι.
1516 2283 1563 2330 p,

136 2329 258 2384 qu.
301 2332 454 2379 1625:
491 2330 571 2375 61.
602 2353 667 2362 ·--
709 2330 861 2377 1635:
901 2334 979 2378 79.
1017 2358 1082 2366 -
1124 2335 1278 2380 1723:
1319 2336 1365 2380 7.

135 2447 178 2504 ”)
210 2449 398 2491 Comitia
423 2452 465 2491 in
498 2449 688 2502 Corpore
714 2451 829 2493 Juris
859 2450 937 2493 sub
955 2452 1128 2507 diversa
1159 2454 1453 2497 nominatione.
1483 2471 1561 2496 ve.-

190 2508 342 2552 niunt,
386 2507 583 2551 dicuntur
616 2507 854 2548 Concilium
902 2509 945 2546 S.
976 2509 1126 2560 Steph-
1161 2508 1211 2548 L.
1243 2509 1294 2549 ll·
1329 2511 1376 2551 C.
1416 2516 1477 2552 19.
1506 2535 1560 2543 —

193 2559 360 2602 Sancta
393 2560 589 2612 synodus
617 2564 662 2603 S.
692 2562 799 2603 Lad.
821 2563 882 2617 L.
914 2568 951 2603 1.
983 2564 1025 2604 in
1053 2566 1190 2615 pnerf.
1232 2565 1472 2607 Com-emus
1512 2572 1557 2610 S.

189 2615 296 2665 Lad.
334 2615 384 2655 L·
427 2617 477 2658 11.
507 2619 554 2661 C.
586 2619 621 2655 1-
671 2618 923 2659 Concilium.
971 2619 1070 2660 Car.
1094 2619 1125 2660 I.
1153 2619 1207 2661 D.
1234 2641 1288 2649 —
1322 2622 1490 2664 Mariae
1524 2624 1557 2665 l.

193 2670 250 2712 D.
276 2693 330 2700 -—
360 2671 592 2714 conventio
622 2671 855 2715 Nobilium.
888 2673 1064 2730 Sigism.
1091 2674 1145 2715 D.
1177 2677 1230 2716 ΙΙ.
1256 2678 1297 2718 in
1329 2679 1457 2730 praef.
1486 2681 1560 2721 ubi

192 2728 246 2768 de
280 2729 634 2786 singulistRegni
661 2730 948 2772 comitatibus
976 2731 1196 2773 Nobilium
1223 2743 1558 2777 convocatorum

193 2792 237 2822 et
271 2784 509 2826 civitatum
536 2784 828 2840 Legatorum,
857 2789 996 2839 prima
1027 2787 1076 2828 fit
1106 2791 1284 2830 mentio.
1328 2812 1384 2818 -—
1415 2789 1560 2830 Gene-

194 2837 305 2880 ralis
335 2839 662 2897 Cougregatz'09
703 2841 840 2887 Math.
880 2841 987 2901 Reg.
1015 2843 1067 2887 D.
1100 2842 1131 2887 1.
1165 2843 1412 2901 ‚Generalis
1447 2846 1555 2888 Cone
