1964 3440
990 234 1324 278 ...66-

444 374 785 444 proventibus‚
801 382 851 422 et
876 373 1106 440 expensis
1126 369 1335 419 Excelso
1361 368 1584 417 Consilio
1614 368 1768 434 Regio
1790 368 1848 416 L,

450 449 512 494 Η.
543 445 781 505 Rationes
819 441 993 490 reddit.
1024 441 1085 489 In
1115 438 1213 488 hoc
1241 436 1472 486 Generali
1498 438 1735 485 Instituto
1759 437 1849 485 Re-

440 524 635 562 ctorem
660 522 710 561 et
733 510 1172 559 Vice-Reetorem
1188 543 1202 568 ,
1226 516 1376 571 atque
1417 505 1732 555 Professores
1759 505 1870 552 eli-·

442 581 659 647 gendos,
697 577 923 627 Facultas
959 577 1234 644 proponit,
1283 577 1485 623 Praeses
1522 571 1752 623 candidat
1803 583 1855 621 et

440 649 653 699 Excelso
672 647 894 696 Consilio
924 647 983 694 R.
1003 647 1059 695 L.
1080 647 1146 694 H.
1179 642 1353 703 refert,
1370 656 1524 709 quam
1539 641 1854 690 candidatio-

439 736 557 767 nem
589 734 703 766 cum
736 714 955 761 Primate
989 714 1168 779 Regni,
1184 724 1267 760 aut
1293 716 1489 761 seniore
1524 709 1681 758 Archi
1700 711 1852 775 -Epi-

442 804 598 852 scopo
655 781 1060 841 communicare,
1109 799 1166 828 ac
1209 781 1410 829 demum
1451 779 1581 829 Suae
1609 775 1858 846 Majestati

443 872 540 922 pro
569 849 993 903 Denominatione
1028 848 1346 898 substernere
1380 849 1523 897 solet.

1075 974 1114 1039 ς»
1153 979 1235 1026 82.

652 1107 706 1161 8.
750 1101 1132 1161 Seminarium
1165 1100 1660 1157 szmdm‘tarum.

578 1235 757 1283 Existit
801 1233 952 1281 etiam
996 1232 1221 1281 Viennae
1260 1248 1356 1297 pro
1401 1231 1744 1279 Honoratiore
1774 1229 1860 1277 Ju-

444 1313 650 1353 ventute
668 1303 954 1368 Hungarica
969 1299 1232 1348 fundatum
1251 1300 1624 1347 Seminarium
1635 1300 1868 1347 Clerz'eo-

446 1391 589 1433 rum,
603 1391 628 1419 a
642 1371 682 1418 F
685 1369 928 1418 undatore
948 1369 1099 1416 Petro
1116 1366 1870 1432 Pazmany‚Pa'zmdnitarum‚

442 1440 775 1508 appellatum.
794 1437 1132 1487 Seminarium
1149 1435 1257 1496 hoc,
1273 1435 1394 1483 alias
1411 1438 1559 1483 etiam
1581 1437 1872 1485 Com-ictus

449 1507 951 1571 Caesareo-Regius·
980 1507 1290 1553 Viennensis
1306 1542 1319 1565 ‚
1343 1504 1706 1571 compellatum
1726 1542 1738 1566 ,
1775 1505 1868 1552 sub

441 1579 717 1626 Rectoratu
736 1578 882 1622 unius
900 1575 1138 1623 Canonici
1155 1573 1509 1640 Strigoniensis
1525 1574 1866 1634 constituitur,

443 1657 497 1698 et
524 1649 573 1695 in
605 1662 666 1697 eo
691 1645 892 1694 circiter
919 1647 986 1693 30
1030 1641 1241 1691 Alumni
1269 1640 1583 1691 erudiuntur.

1088 1766 1127 1830 ᾗ.
1168 1771 1246 1816 ⁸3.

564 1889 636 1947 B.
679 1887 923 1946 Scholae
969 1885 1386 1944 Graeci-Ritus
1427 1886 1742 1942 Um‘torum.

564 2016 780 2068 Scholae
797 2017 1145 2066 Graeci-Ritus
1165 2018 1450 2076 Unitorum‚
1465 2018 1568 2064 sive
1585 2015 1872 2065 Catholico·

447 2106 582 2146 rum,
604 2089 653 2133 in
688 2087 939 2152 Hungaria
969 2084 1030 2132 ad
1050 2087 1290 2134 Normam
1314 2084 1612 2133 Scholarum
1641 2085 1875 2134 Romano

449 2154 824 2206 catholicarum
840 2152 1160 2202 coordinatae
1177 2163 1306 2201 sunt.
1324 2152 1507 2201 Schola
1529 2171 1703 2201 eorum
1725 2171 1868 2218 prae·
1928 2175 1936 2185 ··

451 2228 600 2292 cipua
643 2234 743 2272 est:
793 2222 1081 2288 Lycaeum
1120 2222 1438 2286 Ερίεοοραίε
1486 2217 1873 2286 Πηὲυανίεηεε,

451 2296 503 2340 in
528 2309 631 2359 quo
657 2301 872 2358 quatvor
899 2290 1216 2339 Professores
1233 2289 1604 2356 Philosophiam
1635 2303 1683 2338 et
1711 2290 1873 2339 Theo·

453 2362 643 2427 logiam
673 2361 881 2420 docent,
922 2386 988 2396 —
1017 2361 1240 2425 exceptis
1270 2376 1457 2427 nempe
1482 2358 1682 2407 Scholis
1716 2362 1876 2408 mino-

453 2430 620 2488 ribus,
664 2445 793 2494 quae
821 2445 979 2493 aeque
1023 2445 1139 2476 suos
1179 2428 1429 2476 Docentes
1464 2425 1661 2475 habent.
1722 2428 1873 2486 Quod

450 2498 661 2548 Clerum
690 2497 968 2556 Juniorem‚
1004 2497 1053 2542 in
1097 2496 1322 2544 Dioecesi
1367 2495 1722 2545 Munkatsiensi
1767 2499 1875 2543 atti-

453 2577 542 2615 net
559 2603 572 2627 ,
607 2564 692 2613 ille
709 2566 768 2614 de
783 2563 952 2633 regula
977 2566 1025 2610 in
1049 2565 1214 2629 Regio
1238 2564 1550 2630 Episcopali
1574 2566 1880 2613 Seminario

464 2635 817 2699 Ungvariemi
841 2630 1058 2692 studet,
1096 2633 1180 2681 sed
1216 2650 1332 2680 suos
1366 2637 1622 2682 Alumnos
1649 2637 1797 2681 etiam
1831 2637 1882 2680 in

452 2704 564 2751 aliis
583 2702 875 2751 Seminariis
894 2700 1057 2750 habet.
1086 2699 1128 2763 ¹³)
1156 2727 1224 2738 --
1251 2701 1505 2765 Lycaeum
1539 2703 1881 2767 Engvariense

451 2789 602 2820 suum
633 2771 1039 2821 Prodirectorem
1057 2806 1071 2829 ,
1097 2768 1429 2817 Seminarium
1462 2789 1585 2820 vero
1608 2788 1749 2818 suum
1783 2771 1876 2818 Re-

453 2850 677 2902 ctorem,
716 2841 979 2890 Altissimo
1017 2837 1157 2889 Loco
1197 2838 1574 2900 denominatos,
1613 2838 1813 2887 liabent.
