1964 3440
948 231 1283 276 ...28-

421 371 670 436 optimum
695 367 984 418 Nationales
1007 383 1129 434 opes
1162 377 1212 415 et
1239 366 1541 416 Industriam
1585 369 1825 437 augendi,

418 440 651 486 Statuum
685 447 734 485 et
770 436 879 486 OO.
929 438 1085 504 Regni
1135 437 1463 485 attentionem
1518 442 1711 504 saepius
1764 455 1825 487 eo

416 505 745 572 provocavit,
786 514 842 553 ut
884 504 979 555 hoc
1028 508 1079 552 in
1119 503 1319 572 objecto
1375 508 1547 571 plures
1588 504 1828 554 salutares

416 574 577 640 Leges
606 583 961 622 statuerentur:
998 577 1155 623 1723:
1194 573 1301 626 116.
1339 578 1446 622 11⁷.
1486 599 1552 609 —-
1580 574 1830 640 signanter

420 646 575 692 1715:
623 647 732 692 119.
785 652 1026 707 rogarunt
1076 641 1244 692 Status
1281 651 1330 690 et
1375 642 1482 689 OO.
1523 640 1740 708 Regem,
1772 653 1828 691 ut

416 710 634 759 liberum
672 719 933 775 quaestum
958 712 1089 758 inter
1116 709 1403 759 Slavoniam
1420 748 1433 772 ,
1469 711 1750 771 Oroatiam,
1778 721 1827 760 et

418 780 605 826 vicinas
634 777 916 843 provincias
951 777 1211 828 admittere
1241 780 1374 827 velit.
1423 779 1483 826 In
1516 778 1671 826 Portu
1700 780 1824 828 Buc'-

417 848 520 895 cari
533 847 903 894 Commercium
918 845 1133 894 liberum
1153 857 1227 894 est
1241 847 1546 896 declaratum
1563 864 1572 894 :
1591 851 1732 897 1764:
1750 853 1831 896 31.

417 940 484 951 -
535 914 753 962 Demum
797 918 954 964 1790:
998 918 1077 962 67.
1129 916 1393 979 peculiaris
1438 917 1710 982 Deputatio‘
1757 926 1831 964 est

417 983 659 1043 exmissa,
712 982 999 1049 Projectum
1036 981 1363 1047 provehendi
1393 985 1692 1033 Commercii
1734 983 1832 1034 ela-

419 1049 683 1113 boratum,
716 1061 767 1101 et
796 1052 1003 1100 Diaetae
1035 1048 1356 1098 substratura.

1042 1223 1080 1286 ς.
1119 1228 1197 1274 32.

796 1345 1112 1403 Limites
1173 1343 1432 1419 Regni.

559 1490 766 1540 Limites
790 1501 840 1539 et
863 1491 1027 1540 Metae
1055 1491 1215 1556 Regni
1251 1488 1368 1539 inde
1397 1489 1459 1538 ab
1485 1491 1839 1556 antiquissimis

425 1559 742 1626 temporibus
775 1558 992 1607 multum
1023 1558 1281 1607 Laborum
1323 1559 1551 1607 Comitiis
1594 1558 1834 1625 praebue·
1880 1586 1883 1588 -

419 1638 557 1675 runt.
594 1629 744 1687 Quod
773 1630 824 1676 in
855 1627 1122 1676 Limitibus
1156 1627 1315 1691 Regni
1337 1625 1663 1676 defendendis
1691 1637 1740 1675 et
1767 1644 1840 1676 re-

423 1695 696 1746 ctificandis
736 1698 847 1745 Rex
888 1695 1110 1744 Consilio
1148 1694 1382 1743 Statuum
1419 1705 1468 1743 et
1506 1695 1617 1744 OO.
1672 1706 1841 1750 utetur

424 1767 597 1812 statuit
634 1764 829 1813 Albert.
870 1764 932 1811 D.
964 1765 1017 1811 I:
1053 1769 1132 1814 14.
1164 1767 1242 1811 17.
1293 1761 1443 1822 Quod
1487 1763 1692 1811 Limites
1731 1765 1840 1811 Rex

425 1833 554 1881 tueri
584 1842 635 1880 et
666 1833 867 1881 avulsos
898 1830 1211 1880 revindicare
1240 1827 1394 1897 velit,
1442 1830 1492 1879 id
1527 1833 1675 1879 etiam
1698 1833 1839 1879 Jura·

425 1910 598 1949 mento
617 1899 896 1949 confirmat.
932 1898 1054 1947 Lad.
1071 1899 1314 1951 Postb.D⁴
1332 1898 1372 1947 I.
1396 1904 1438 1947 1.
1459 1899 1587 1947 Dein
1610 1904 1846 1949 1791:11.

424 1978 667 2016 statutum
694 1979 794 2025 est,
846 1966 1026 2032 „quod
1069 1971 1242 2017 etiam
1285 1969 1513 2017 Limites
1552 1980 1607 2016 et
1644 1969 1843 2028 Melae

426 2037 601 2101 Regni
611 2072 627 2094 ‚
649 2047 814 2101 atque
849 2036 1209 2096 Dfferentlae
1225 2071 1239 2097 ,
1274 2035 1461 2103 quoad
1476 2054 1567 2086 eos
1585 2050 1839 2096 exortae,

428 2117 672 2170 respectu
702 2106 1020 2169 Hungariae
1038 2140 1054 2163 ‚
1099 2123 1195 2169 per
1222 2106 1515 2171 Hungaros
1555 2102 1843 2173 investiga-

427 2173 660 2236 buntur,
698 2185 752 2221 et
778 2184 963 2239 partes
1001 2174 1232 2225 avulsae
1269 2173 1711 2238 readjicientur.“
1773 2176 1846 2226 Ne

427 2260 550 2290 vero
596 2244 837 2290 exmissae
874 2244 1154 2291 limitaneae
1195 2244 1584 2292 Commissiones
1627 2242 1842 2311 longiori

428 2320 657 2376 tempore
685 2321 857 2377 optato
874 2312 1053 2359 effectu
1084 2309 1415 2359 destituantur
1450 2316 1610 2364 1830:
1649 2318 1724 2362 11.
1754 2311 1835 2360 de-

428 2389 623 2427 cretum
646 2389 746 2438 est,
783 2389 880 2439 „ut
904 2390 1023 2426 tam
1045 2382 1434 2444 exmissaeper
1462 2391 1569 2429 art.
1603 2379 1675 2432 16:
1697 2389 1840 2438 1827.

427 2444 639 2495 idmodi
671 2449 1120 2508 Commzlsszbnes,
1163 2447 1217 2497 in
1249 2460 1524 2515 quantum
1562 2466 1702 2512 opus
1739 2446 1845 2496 sibi

427 2514 697 2565 creditum
723 2516 963 2566 nondum
987 2518 1375 2581 perfecissent:
1406 2535 1578 2585 quam
1597 2516 1842 2581 deinceps

427 2584 841 2646 exmz'ttendae‚
894 2603 1027 2646 opus
1079 2603 1246 2635 suum
1297 2604 1466 2653 usque
1511 2587 1839 2651 proximam

434 2654 703 2701 Diaetam
744 2657 1037 2706 terminare
1073 2666 1128 2706 et
1159 2655 1337 2722 Regni
1370 2656 1616 2707 Comitiis
1648 2654 1839 2717 referre

434 2730 780 2773 teneantur.“
