<?xml version="1.0" encoding="UTF-8"?>
<!DOCTYPE html PUBLIC "-//W3C//DTD XHTML 1.0 Transitional//EN"
    "http://www.w3.org/TR/xhtml1/DTD/xhtml1-transitional.dtd">
<html xmlns="http://www.w3.org/1999/xhtml" xml:lang="en" lang="en">
 <head>
  <title>
</title>
<meta http-equiv="Content-Type" content="text/html;charset=utf-8" />
  <meta name='ocr-system' content='tesseract 3.04.00' />
  <meta name='ocr-capabilities' content='ocr_page ocr_carea ocr_par ocr_line ocrx_word'/>
</head>
<body>
  <div class='ocr_page' id='page_1' title='image "./statuspoliticoju00blas_0024.png"; bbox 0 0 1964 3440; ppageno 0'>
   <div class='ocr_carea' id='block_1_1' title="bbox 903 237 1238 281">
    <p class='ocr_par' dir='ltr' id='par_1_1' title="bbox 903 237 1238 281">
     <span class='ocr_line' id='line_1_1' title="bbox 903 237 1238 281; baseline 0 -11"><span class='ocrx_word' id='word_1_1' title='bbox 903 237 1238 281; x_wconf 70' lang='grc' dir='ltr'>...Μ-</span> 
     </span>
    </p>
   </div>
   <div class='ocr_carea' id='block_1_2' title="bbox 994 416 1161 466">
    <p class='ocr_par' dir='ltr' id='par_1_2' title="bbox 994 416 1161 466">
     <span class='ocr_line' id='line_1_2' title="bbox 994 416 1161 466; baseline -0.012 -8"><span class='ocrx_word' id='word_1_2' title='bbox 994 417 1033 466; x_wconf 58' lang='grc'><strong>9.</strong></span> <span class='ocrx_word' id='word_1_3' title='bbox 1090 416 1161 458; x_wconf 81' lang='grc' dir='ltr'><strong>Μ.</strong></span> 
     </span>
    </p>
   </div>
   <div class='ocr_carea' id='block_1_3' title="bbox 576 527 1577 609">
    <p class='ocr_par' dir='ltr' id='par_1_3' title="bbox 576 527 1577 609">
     <span class='ocr_line' id='line_1_3' title="bbox 576 527 1577 609; baseline -0.003 -19"><span class='ocrx_word' id='word_1_4' title='bbox 576 527 681 592; x_wconf 79' lang='lat' dir='ltr'><strong>Jus</strong></span> <span class='ocrx_word' id='word_1_5' title='bbox 725 536 969 592; x_wconf 63' lang='lat' dir='ltr'><strong>Comitia</strong></span> <span class='ocrx_word' id='word_1_6' title='bbox 1011 532 1209 609; x_wconf 75' lang='lat' dir='ltr'><strong>Regni</strong></span> <span class='ocrx_word' id='word_1_7' title='bbox 1245 533 1577 600; x_wconf 71' lang='lat' dir='ltr'><strong>celebrandi.</strong></span> 
     </span>
    </p>
   </div>
   <div class='ocr_carea' id='block_1_4' title="bbox 365 660 1796 2898">
    <p class='ocr_par' dir='ltr' id='par_1_4' title="bbox 365 660 1796 2212">
     <span class='ocr_line' id='line_1_4' title="bbox 509 660 1780 714; baseline -0.002 -4"><span class='ocrx_word' id='word_1_8' title='bbox 509 663 674 710; x_wconf 86' lang='lat' dir='ltr'><strong>Prima</strong></span> <span class='ocrx_word' id='word_1_9' title='bbox 715 662 830 714; x_wconf 92' lang='lat' dir='ltr'><strong>loco</strong></span> <span class='ocrx_word' id='word_1_10' title='bbox 859 663 1183 714; x_wconf 82' lang='lat' dir='ltr'><strong>memoranda</strong></span> <span class='ocrx_word' id='word_1_11' title='bbox 1209 664 1415 711; x_wconf 86' lang='lat' dir='ltr'><strong>veniunt</strong></span> <span class='ocrx_word' id='word_1_12' title='bbox 1445 661 1657 712; x_wconf 79' lang='lat' dir='ltr'><strong>Comitia</strong></span> <span class='ocrx_word' id='word_1_13' title='bbox 1680 660 1780 707; x_wconf 83' lang='lat' dir='ltr'><strong>Re·</strong></span> 
     </span>
     <span class='ocr_line' id='line_1_5' title="bbox 370 729 1787 798; baseline -0.003 -21"><span class='ocrx_word' id='word_1_14' title='bbox 370 732 480 798; x_wconf 78' lang='lat' dir='ltr'><strong>gni,</strong></span> <span class='ocrx_word' id='word_1_15' title='bbox 516 731 648 779; x_wconf 88' lang='lat' dir='ltr'><strong>unde</strong></span> <span class='ocrx_word' id='word_1_16' title='bbox 683 747 863 797; x_wconf 88' lang='lat' dir='ltr'><strong>nempe</strong></span> <span class='ocrx_word' id='word_1_17' title='bbox 899 735 1068 780; x_wconf 90' lang='lat' dir='ltr'><strong>omnia</strong></span> <span class='ocrx_word' id='word_1_18' title='bbox 1099 742 1264 781; x_wconf 86' lang='lat' dir='ltr'><strong>cetera</strong></span> <span class='ocrx_word' id='word_1_19' title='bbox 1299 732 1421 778; x_wconf 88' lang='lat' dir='ltr'><strong>Jura</strong></span> <span class='ocrx_word' id='word_1_20' title='bbox 1458 740 1507 777; x_wconf 88' lang='lat' dir='ltr'><strong>et</strong></span> <span class='ocrx_word' id='word_1_21' title='bbox 1543 729 1787 775; x_wconf 86' lang='lat' dir='ltr'><strong>Immuni-</strong></span> 
     </span>
     <span class='ocr_line' id='line_1_6' title="bbox 371 796 1786 867; baseline -0.004 -20"><span class='ocrx_word' id='word_1_22' title='bbox 371 811 496 847; x_wconf 88' lang='lat' dir='ltr'><strong>tates</strong></span> <span class='ocrx_word' id='word_1_23' title='bbox 530 799 675 862; x_wconf 80' lang='lat' dir='ltr'><strong>Regis</strong></span> <span class='ocrx_word' id='word_1_24' title='bbox 701 809 750 845; x_wconf 89' lang='lat' dir='ltr'><strong>et</strong></span> <span class='ocrx_word' id='word_1_25' title='bbox 771 799 932 867; x_wconf 81' lang='lat' dir='ltr'><strong>Regni</strong></span> <span class='ocrx_word' id='word_1_26' title='bbox 966 801 1237 867; x_wconf 86' lang='lat' dir='ltr'><strong>profluunt.</strong></span> <span class='ocrx_word' id='word_1_27' title='bbox 1258 800 1489 856; x_wconf 85' lang='lat' dir='ltr'><strong>Comitia,</strong></span> <span class='ocrx_word' id='word_1_28' title='bbox 1528 799 1629 846; x_wconf 88' lang='lat' dir='ltr'><strong>sive</strong></span> <span class='ocrx_word' id='word_1_29' title='bbox 1656 796 1786 845; x_wconf 89' lang='lat' dir='ltr'><strong>Con·</strong></span> 
     </span>
     <span class='ocr_line' id='line_1_7' title="bbox 369 864 1783 932; baseline -0.004 -16"><span class='ocrx_word' id='word_1_30' title='bbox 369 877 578 916; x_wconf 85' lang='lat' dir='ltr'><strong>ventum</strong></span> <span class='ocrx_word' id='word_1_31' title='bbox 603 868 751 932; x_wconf 81' lang='lat' dir='ltr'><strong>Regis</strong></span> <span class='ocrx_word' id='word_1_32' title='bbox 787 878 836 914; x_wconf 88' lang='lat' dir='ltr'><strong>et</strong></span> <span class='ocrx_word' id='word_1_33' title='bbox 876 869 1133 916; x_wconf 88' lang='lat' dir='ltr'><strong>Statutum</strong></span> <span class='ocrx_word' id='word_1_34' title='bbox 1169 869 1342 932; x_wconf 18' lang='lat' dir='ltr'><strong>Regni*</strong></span> <span class='ocrx_word' id='word_1_35' title='bbox 1364 864 1675 923; x_wconf 85' lang='lat' dir='ltr'><strong>celebrandi,</strong></span> <span class='ocrx_word' id='word_1_36' title='bbox 1713 875 1783 911; x_wconf 83' lang='lat' dir='ltr'><strong>at-</strong></span> 
     </span>
     <span class='ocr_line' id='line_1_8' title="bbox 370 935 1791 1000; baseline -0.001 -19"><span class='ocrx_word' id='word_1_37' title='bbox 370 952 469 1000; x_wconf 89' lang='lat' dir='ltr'><strong>que</strong></span> <span class='ocrx_word' id='word_1_38' title='bbox 521 936 570 980; x_wconf 88' lang='lat' dir='ltr'><strong>in</strong></span> <span class='ocrx_word' id='word_1_39' title='bbox 616 936 675 981; x_wconf 88' lang='lat' dir='ltr'><strong>iis</strong></span> <span class='ocrx_word' id='word_1_40' title='bbox 742 946 1043 1000; x_wconf 87' lang='lat' dir='ltr'><strong>potestatem</strong></span> <span class='ocrx_word' id='word_1_41' title='bbox 1119 936 1448 1000; x_wconf 84' lang='lat' dir='ltr'><strong>legislativam</strong></span> <span class='ocrx_word' id='word_1_42' title='bbox 1495 935 1791 982; x_wconf 86' lang='lat' dir='ltr'><strong>simultanee</strong></span> 
     </span>
     <span class='ocr_line' id='line_1_9' title="bbox 369 1000 1784 1066; baseline -0.004 -13"><span class='ocrx_word' id='word_1_43' title='bbox 369 1000 666 1060; x_wconf 70' lang='lat' dir='ltr'><strong>exercendi,</strong></span> <span class='ocrx_word' id='word_1_44' title='bbox 715 1005 805 1050; x_wconf 86' lang='lat' dir='ltr'><strong>Jus</strong></span> <span class='ocrx_word' id='word_1_45' title='bbox 851 1003 975 1066; x_wconf 86' lang='lat' dir='ltr'><strong>Regi</strong></span> <span class='ocrx_word' id='word_1_46' title='bbox 1029 1013 1079 1050; x_wconf 91' lang='lat' dir='ltr'><strong>et</strong></span> <span class='ocrx_word' id='word_1_47' title='bbox 1115 1000 1314 1066; x_wconf 91' lang='lat' dir='ltr'><strong>Populo</strong></span> <span class='ocrx_word' id='word_1_48' title='bbox 1351 1017 1619 1049; x_wconf 88' lang='lat' dir='ltr'><strong>commune</strong></span> <span class='ocrx_word' id='word_1_49' title='bbox 1648 1018 1784 1057; x_wconf 88' lang='lat' dir='ltr'><strong>esse,</strong></span> 
     </span>
     <span class='ocr_line' id='line_1_10' title="bbox 367 1066 1789 1137; baseline -0.003 -20"><span class='ocrx_word' id='word_1_50' title='bbox 367 1071 470 1137; x_wconf 81' lang='lat' dir='ltr'><strong>jam</strong></span> <span class='ocrx_word' id='word_1_51' title='bbox 509 1069 558 1116; x_wconf 90' lang='lat' dir='ltr'><strong>in</strong></span> <span class='ocrx_word' id='word_1_52' title='bbox 597 1070 850 1134; x_wconf 83' lang='lat' dir='ltr'>prioribus</span> <span class='ocrx_word' id='word_1_53' title='bbox 889 1070 970 1132; x_wconf 90' lang='grc'><strong>(9.</strong></span> <span class='ocrx_word' id='word_1_54' title='bbox 1011 1080 1053 1120; x_wconf 79' lang='lat'><strong>2.</strong></span> <span class='ocrx_word' id='word_1_55' title='bbox 1092 1078 1142 1117; x_wconf 88' lang='lat' dir='ltr'><strong>et</strong></span> <span class='ocrx_word' id='word_1_56' title='bbox 1179 1069 1261 1131; x_wconf 89' lang='lat'><strong>3.)</strong></span> <span class='ocrx_word' id='word_1_57' title='bbox 1299 1078 1539 1116; x_wconf 88' lang='lat' dir='ltr'><strong>attactum</strong></span> <span class='ocrx_word' id='word_1_58' title='bbox 1576 1078 1674 1128; x_wconf 84' lang='lat' dir='ltr'><strong>est,</strong></span> <span class='ocrx_word' id='word_1_59' title='bbox 1705 1066 1789 1115; x_wconf 89' lang='lat' dir='ltr'><strong>sed</strong></span> 
     </span>
     <span class='ocr_line' id='line_1_11' title="bbox 367 1136 1791 1202; baseline -0.002 -17"><span class='ocrx_word' id='word_1_60' title='bbox 367 1140 419 1186; x_wconf 89' lang='lat' dir='ltr'><strong>id</strong></span> <span class='ocrx_word' id='word_1_61' title='bbox 471 1139 620 1186; x_wconf 86' lang='lat' dir='ltr'><strong>etiam</strong></span> <span class='ocrx_word' id='word_1_62' title='bbox 656 1155 888 1202; x_wconf 72' lang='lat' dir='ltr'><strong>expresse</strong></span> <span class='ocrx_word' id='word_1_63' title='bbox 934 1147 1068 1186; x_wconf 86' lang='lat' dir='ltr'><strong>tenet</strong></span> <span class='ocrx_word' id='word_1_64' title='bbox 1104 1138 1265 1184; x_wconf 87' lang='lat' dir='ltr'><strong>Partis</strong></span> <span class='ocrx_word' id='word_1_65' title='bbox 1302 1136 1368 1184; x_wconf 92' lang='lat' dir='ltr'><strong>II.</strong></span> <span class='ocrx_word' id='word_1_66' title='bbox 1405 1146 1462 1182; x_wconf 89' lang='lat' dir='ltr'><strong>tt.</strong></span> <span class='ocrx_word' id='word_1_67' title='bbox 1501 1140 1545 1184; x_wconf 89' lang='lat'><strong>3.</strong></span> <span class='ocrx_word' id='word_1_68' title='bbox 1598 1136 1649 1181; x_wconf 90' lang='lat' dir='ltr'><strong>in</strong></span> <span class='ocrx_word' id='word_1_69' title='bbox 1687 1152 1791 1201; x_wconf 84' lang='lat' dir='ltr'><strong>quo</strong></span> 
     </span>
     <span class='ocr_line' id='line_1_12' title="bbox 365 1206 1796 1271; baseline -0.002 -18"><span class='ocrx_word' id='word_1_70' title='bbox 365 1207 578 1268; x_wconf 84' lang='lat' dir='ltr'><strong>dicitur,</strong></span> <span class='ocrx_word' id='word_1_71' title='bbox 616 1207 791 1270; x_wconf 79' lang='lat' dir='ltr'><strong>„quod</strong></span> <span class='ocrx_word' id='word_1_72' title='bbox 824 1206 1088 1271; x_wconf 72' lang='lat' dir='ltr'><strong>Princeps</strong></span> <span class='ocrx_word' id='word_1_73' title='bbox 1121 1206 1547 1254; x_wconf 75' lang='lat' dir='ltr'><strong>Conste‘tutz‘ones</strong></span> <span class='ocrx_word' id='word_1_74' title='bbox 1580 1207 1796 1251; x_wconf 75' lang='lat' dir='ltr'><strong>nonnisi</strong></span> 
     </span>
     <span class='ocr_line' id='line_1_13' title="bbox 371 1275 1791 1340; baseline -0.003 -17"><span class='ocrx_word' id='word_1_75' title='bbox 371 1275 576 1340; x_wconf 81' lang='lat' dir='ltr'><strong>Populo</strong></span> <span class='ocrx_word' id='word_1_76' title='bbox 613 1278 916 1331; x_wconf 74' lang='lat' dir='ltr'><strong>accersito,</strong></span> <span class='ocrx_word' id='word_1_77' title='bbox 968 1283 1023 1322; x_wconf 78' lang='lat' dir='ltr'><strong>ec</strong></span> <span class='ocrx_word' id='word_1_78' title='bbox 1074 1280 1420 1337; x_wconf 77' lang='lat' dir='ltr'><strong>interrogato</strong></span> <span class='ocrx_word' id='word_1_79' title='bbox 1446 1275 1640 1336; x_wconf 83' lang='lat' dir='ltr'><strong>facere</strong></span> <span class='ocrx_word' id='word_1_80' title='bbox 1665 1288 1791 1336; x_wconf 80' lang='lat' dir='ltr'><strong>pos-</strong></span> 
     </span>
     <span class='ocr_line' id='line_1_14' title="bbox 372 1341 1788 1408; baseline -0.004 -17"><span class='ocrx_word' id='word_1_81' title='bbox 372 1346 510 1391; x_wconf 77' lang='lat' dir='ltr'><strong>sz&#39;t.“</strong></span> <span class='ocrx_word' id='word_1_82' title='bbox 564 1343 623 1389; x_wconf 65' lang='lat' dir='ltr'><strong>{d</strong></span> <span class='ocrx_word' id='word_1_83' title='bbox 658 1345 707 1388; x_wconf 89' lang='lat' dir='ltr'><strong>in</strong></span> <span class='ocrx_word' id='word_1_84' title='bbox 748 1343 1003 1407; x_wconf 86' lang='lat' dir='ltr'><strong>Hungaria</strong></span> <span class='ocrx_word' id='word_1_85' title='bbox 1051 1344 1112 1390; x_wconf 86' lang='lat' dir='ltr'><strong>ab</strong></span> <span class='ocrx_word' id='word_1_86' title='bbox 1150 1344 1510 1408; x_wconf 78' lang='lat' dir='ltr'>antiquissimis</span> <span class='ocrx_word' id='word_1_87' title='bbox 1546 1341 1788 1406; x_wconf 88' lang='lat' dir='ltr'><strong>tempori-</strong></span> 
     </span>
     <span class='ocr_line' id='line_1_15' title="bbox 370 1408 1790 1476; baseline -0.003 -18"><span class='ocrx_word' id='word_1_88' title='bbox 370 1412 463 1458; x_wconf 85' lang='lat' dir='ltr'><strong>bus</strong></span> <span class='ocrx_word' id='word_1_89' title='bbox 501 1412 738 1457; x_wconf 83' lang='lat' dir='ltr'><strong>usitatum</strong></span> <span class='ocrx_word' id='word_1_90' title='bbox 774 1411 905 1471; x_wconf 86' lang='lat' dir='ltr'><strong>fuit,</strong></span> <span class='ocrx_word' id='word_1_91' title='bbox 952 1421 1021 1457; x_wconf 67' lang='lat' dir='ltr'><strong>ut‘</strong></span> <span class='ocrx_word' id='word_1_92' title='bbox 1057 1413 1254 1476; x_wconf 85' lang='lat' dir='ltr'><strong>quoties</strong></span> <span class='ocrx_word' id='word_1_93' title='bbox 1300 1408 1509 1476; x_wconf 84' lang='lat' dir='ltr'><strong>majoris</strong></span> <span class='ocrx_word' id='word_1_94' title='bbox 1548 1409 1790 1457; x_wconf 84' lang='lat' dir='ltr'><strong>momenti</strong></span> 
     </span>
     <span class='ocr_line' id='line_1_16' title="bbox 369 1476 1795 1545; baseline -0.003 -19"><span class='ocrx_word' id='word_1_95' title='bbox 369 1480 569 1545; x_wconf 84' lang='lat' dir='ltr'><strong>negotia</strong></span> <span class='ocrx_word' id='word_1_96' title='bbox 608 1481 874 1526; x_wconf 84' lang='lat' dir='ltr'>Civitatem</span> <span class='ocrx_word' id='word_1_97' title='bbox 912 1476 1162 1527; x_wconf 85' lang='lat' dir='ltr'><strong>feriebant</strong></span> <span class='ocrx_word' id='word_1_98' title='bbox 1195 1516 1209 1540; x_wconf 82' lang='lat'>‚</span> <span class='ocrx_word' id='word_1_99' title='bbox 1263 1481 1411 1526; x_wconf 89' lang='lat' dir='ltr'><strong>toties</strong></span> <span class='ocrx_word' id='word_1_100' title='bbox 1448 1476 1534 1524; x_wconf 86' lang='lat' dir='ltr'><strong>illa</strong></span> <span class='ocrx_word' id='word_1_101' title='bbox 1571 1480 1622 1525; x_wconf 90' lang='lat' dir='ltr'><strong>in</strong></span> <span class='ocrx_word' id='word_1_102' title='bbox 1661 1478 1795 1525; x_wconf 88' lang='lat' dir='ltr'><strong>Con·</strong></span> 
     </span>
     <span class='ocr_line' id='line_1_17' title="bbox 367 1546 1791 1613; baseline -0.003 -17"><span class='ocrx_word' id='word_1_103' title='bbox 367 1556 522 1596; x_wconf 83' lang='lat' dir='ltr'><strong>ventu</strong></span> <span class='ocrx_word' id='word_1_104' title='bbox 571 1547 722 1613; x_wconf 88' lang='lat' dir='ltr'><strong>Regis</strong></span> <span class='ocrx_word' id='word_1_105' title='bbox 774 1558 925 1612; x_wconf 83' lang='lat' dir='ltr'><strong>atque</strong></span> <span class='ocrx_word' id='word_1_106' title='bbox 974 1547 1158 1613; x_wconf 88' lang='lat' dir='ltr'>Populi</span> <span class='ocrx_word' id='word_1_107' title='bbox 1196 1547 1382 1594; x_wconf 89' lang='lat' dir='ltr'><strong>mutuis</strong></span> <span class='ocrx_word' id='word_1_108' title='bbox 1419 1546 1641 1594; x_wconf 91' lang='lat' dir='ltr'><strong>consiliis</strong></span> <span class='ocrx_word' id='word_1_109' title='bbox 1680 1562 1791 1611; x_wconf 88' lang='lat' dir='ltr'><strong>per·</strong></span> 
     </span>
     <span class='ocr_line' id='line_1_18' title="bbox 367 1613 1793 1681; baseline -0.002 -18"><span class='ocrx_word' id='word_1_110' title='bbox 367 1625 717 1664; x_wconf 79' lang='lat' dir='ltr'><strong>tractarentur.</strong></span> <span class='ocrx_word' id='word_1_111' title='bbox 779 1617 1071 1663; x_wconf 76' lang='lat' dir='ltr'><strong>Conventus</strong></span> <span class='ocrx_word' id='word_1_112' title='bbox 1125 1615 1172 1663; x_wconf 88' lang='lat' dir='ltr'><strong>hi</strong></span> <span class='ocrx_word' id='word_1_113' title='bbox 1223 1613 1480 1681; x_wconf 84' lang='lat' dir='ltr'><strong>generales</strong></span> <span class='ocrx_word' id='word_1_114' title='bbox 1517 1615 1793 1662; x_wconf 90' lang='lat' dir='ltr'><strong>serioribus</strong></span> 
     </span>
     <span class='ocr_line' id='line_1_19' title="bbox 367 1682 1793 1749; baseline -0.004 -16"><span class='ocrx_word' id='word_1_115' title='bbox 367 1684 682 1749; x_wconf 85' lang='lat' dir='ltr'><strong>temporibus</strong></span> <span class='ocrx_word' id='word_1_116' title='bbox 718 1685 921 1731; x_wconf 88' lang='lat' dir='ltr'><strong>nomine</strong></span> <span class='ocrx_word' id='word_1_117' title='bbox 959 1685 1325 1744; x_wconf 86' lang='lat' dir='ltr'><strong>Comitiorum‚</strong></span> <span class='ocrx_word' id='word_1_118' title='bbox 1360 1683 1442 1732; x_wconf 87' lang='lat' dir='ltr'><strong>vel</strong></span> <span class='ocrx_word' id='word_1_119' title='bbox 1480 1682 1683 1730; x_wconf 85' lang='lat' dir='ltr'><strong>Diaetae</strong></span> <span class='ocrx_word' id='word_1_120' title='bbox 1713 1698 1793 1728; x_wconf 82' lang='lat' dir='ltr'><strong>ve-</strong></span> 
     </span>
     <span class='ocr_line' id='line_1_20' title="bbox 369 1750 1793 1817; baseline -0.002 -18"><span class='ocrx_word' id='word_1_121' title='bbox 369 1755 590 1813; x_wconf 88' lang='lat' dir='ltr'><strong>nientes,</strong></span> <span class='ocrx_word' id='word_1_122' title='bbox 640 1750 685 1813; x_wconf 68' lang='lat'><strong>¹¹²)</strong></span> <span class='ocrx_word' id='word_1_123' title='bbox 740 1750 841 1817; x_wconf 87' lang='lat' dir='ltr'><strong>jam</strong></span> <span class='ocrx_word' id='word_1_124' title='bbox 890 1770 1023 1800; x_wconf 89' lang='lat' dir='ltr'><strong>nunc</strong></span> <span class='ocrx_word' id='word_1_125' title='bbox 1061 1753 1199 1801; x_wconf 89' lang='lat' dir='ltr'><strong>omni</strong></span> <span class='ocrx_word' id='word_1_126' title='bbox 1239 1752 1456 1799; x_wconf 88' lang='lat' dir='ltr'><strong>triennio</strong></span> <span class='ocrx_word' id='word_1_127' title='bbox 1492 1753 1687 1798; x_wconf 87' lang='lat' dir='ltr'><strong>ratione</strong></span> <span class='ocrx_word' id='word_1_128' title='bbox 1729 1766 1793 1796; x_wconf 75' lang='lat' dir='ltr'><strong>ex</strong></span> 
     </span>
     <span class='ocr_line' id='line_1_21' title="bbox 367 1819 1789 1886; baseline -0.001 -19"><span class='ocrx_word' id='word_1_129' title='bbox 367 1821 486 1879; x_wconf 76' lang='lat' dir='ltr'><strong>illa,</strong></span> <span class='ocrx_word' id='word_1_130' title='bbox 526 1820 667 1885; x_wconf 78' lang='lat' dir='ltr'><strong>qaod</strong></span> <span class='ocrx_word' id='word_1_131' title='bbox 692 1819 1068 1885; x_wconf 75' lang='lat' dir='ltr'><strong>provehendae</strong></span> <span class='ocrx_word' id='word_1_132' title='bbox 1103 1822 1506 1886; x_wconf 73' lang='lat' dir='ltr'><strong>prosperitatis</strong></span> <span class='ocrx_word' id='word_1_133' title='bbox 1538 1819 1789 1884; x_wconf 74' lang='lat' dir='ltr'><strong>publicae</strong></span> 
     </span>
     <span class='ocr_line' id='line_1_22' title="bbox 370 1888 1795 1950; baseline -0.002 -13"><span class='ocrx_word' id='word_1_134' title='bbox 370 1906 436 1937; x_wconf 82' lang='lat' dir='ltr'><strong>ac</strong></span> <span class='ocrx_word' id='word_1_135' title='bbox 465 1889 854 1949; x_wconf 57' lang='lat' dir='ltr'><strong>tollet-zaoram,</strong></span> <span class='ocrx_word' id='word_1_136' title='bbox 894 1897 948 1937; x_wconf 74' lang='lat' dir='ltr'><strong>et</strong></span> <span class='ocrx_word' id='word_1_137' title='bbox 982 1888 1488 1938; x_wconf 77' lang='lat' dir='ltr'><strong>antevertendorum</strong></span> <span class='ocrx_word' id='word_1_138' title='bbox 1521 1891 1795 1950; x_wconf 76' lang='lat' dir='ltr'><strong>gravami-</strong></span> 
     </span>
     <span class='ocr_line' id='line_1_23' title="bbox 369 1957 1794 2018; baseline -0.002 -12"><span class='ocrx_word' id='word_1_139' title='bbox 369 1974 491 2006; x_wconf 80' lang='lat' dir='ltr'><strong>num</strong></span> <span class='ocrx_word' id='word_1_140' title='bbox 531 1957 710 2018; x_wconf 74' lang='lat' dir='ltr'><strong>Regni</strong></span> <span class='ocrx_word' id='word_1_141' title='bbox 763 1958 1010 2006; x_wconf 78' lang='lat' dir='ltr'><strong>salutare</strong></span> <span class='ocrx_word' id='word_1_142' title='bbox 1059 1963 1392 2006; x_wconf 68' lang='lat' dir='ltr'><strong>constituant</strong></span> <span class='ocrx_word' id='word_1_143' title='bbox 1424 1957 1794 2012; x_wconf 80' lang='lat' dir='ltr'><strong>remedium‚“</strong></span> 
     </span>
     <span class='ocr_line' id='line_1_24' title="bbox 369 2025 1791 2092; baseline -0.004 -16"><span class='ocrx_word' id='word_1_144' title='bbox 369 2025 654 2076; x_wconf 87' lang='lat' dir='ltr'><strong>celebrandi</strong></span> <span class='ocrx_word' id='word_1_145' title='bbox 695 2028 926 2086; x_wconf 81' lang='lat' dir='ltr'><strong>veniunt,</strong></span> <span class='ocrx_word' id='word_1_146' title='bbox 966 2027 1068 2075; x_wconf 91' lang='lat' dir='ltr'><strong>imo</strong></span> <span class='ocrx_word' id='word_1_147' title='bbox 1106 2026 1399 2074; x_wconf 84' lang='lat' dir='ltr'><strong>necessitate</strong></span> <span class='ocrx_word' id='word_1_148' title='bbox 1438 2026 1666 2092; x_wconf 78' lang='lat' dir='ltr'><strong>exigente</strong></span> <span class='ocrx_word' id='word_1_149' title='bbox 1703 2025 1791 2072; x_wconf 81' lang='lat' dir='ltr'><strong>eti·</strong></span> 
     </span>
     <span class='ocr_line' id='line_1_25' title="bbox 372 2091 1793 2143; baseline -0.003 -1"><span class='ocrx_word' id='word_1_150' title='bbox 372 2113 451 2142; x_wconf 87' lang='lat' dir='ltr'><strong>am</strong></span> <span class='ocrx_word' id='word_1_151' title='bbox 489 2105 603 2142; x_wconf 81' lang='lat' dir='ltr'><strong>ante</strong></span> <span class='ocrx_word' id='word_1_152' title='bbox 642 2095 912 2142; x_wconf 84' lang='lat' dir='ltr'><strong>triennium</strong></span> <span class='ocrx_word' id='word_1_153' title='bbox 948 2092 1232 2143; x_wconf 79' lang='lat' dir='ltr'><strong>celebrandi</strong></span> <span class='ocrx_word' id='word_1_154' title='bbox 1270 2103 1400 2141; x_wconf 87' lang='lat' dir='ltr'><strong>sunt.</strong></span> <span class='ocrx_word' id='word_1_155' title='bbox 1456 2091 1602 2140; x_wconf 83' lang='lat' dir='ltr'><strong>Ulad.</strong></span> <span class='ocrx_word' id='word_1_156' title='bbox 1641 2093 1704 2140; x_wconf 86' lang='lat' dir='ltr'><strong>D.</strong></span> <span class='ocrx_word' id='word_1_157' title='bbox 1735 2098 1793 2141; x_wconf 69' lang='grc'><strong>’1.</strong></span> 
     </span>
     <span class='ocr_line' id='line_1_26' title="bbox 373 2165 1621 2212; baseline -0.002 0"><span class='ocrx_word' id='word_1_158' title='bbox 373 2169 420 2212; x_wconf 81' lang='lat'><strong>3.</strong></span> <span class='ocrx_word' id='word_1_159' title='bbox 477 2169 628 2211; x_wconf 87' lang='lat'>1715:</span> <span class='ocrx_word' id='word_1_160' title='bbox 671 2170 746 2211; x_wconf 87' lang='grc'><strong>14.</strong></span> <span class='ocrx_word' id='word_1_161' title='bbox 782 2166 935 2210; x_wconf 85' lang='lat'><strong>1723:</strong></span> <span class='ocrx_word' id='word_1_162' title='bbox 975 2166 1021 2210; x_wconf 81' lang='lat'><strong>7.</strong></span> <span class='ocrx_word' id='word_1_163' title='bbox 1076 2167 1218 2211; x_wconf 85' lang='lat'>1791:</span> <span class='ocrx_word' id='word_1_164' title='bbox 1261 2166 1338 2210; x_wconf 88' lang='lat'><strong>13.</strong></span> <span class='ocrx_word' id='word_1_165' title='bbox 1387 2165 1539 2210; x_wconf 85' lang='lat'>1827:</span> <span class='ocrx_word' id='word_1_166' title='bbox 1577 2167 1621 2210; x_wconf 87' lang='lat'><strong>5.</strong></span> 
     </span>
    </p>

    <p class='ocr_par' dir='ltr' id='par_1_5' title="bbox 372 2230 1796 2635">
     <span class='ocr_line' id='line_1_27' title="bbox 509 2230 1790 2294; baseline -0.003 -15"><span class='ocrx_word' id='word_1_167' title='bbox 509 2231 888 2280; x_wconf 70' lang='lat' dir='ltr'><strong>Particularia</strong></span> <span class='ocrx_word' id='word_1_168' title='bbox 912 2236 1076 2280; x_wconf 76' lang='lat' dir='ltr'><strong>etiam</strong></span> <span class='ocrx_word' id='word_1_169' title='bbox 1116 2233 1338 2279; x_wconf 74' lang='lat' dir='ltr'><strong>Comitia</strong></span> <span class='ocrx_word' id='word_1_170' title='bbox 1355 2264 1368 2291; x_wconf 84' lang='lat'>,</span> <span class='ocrx_word' id='word_1_171' title='bbox 1396 2232 1446 2277; x_wconf 92' lang='lat' dir='ltr'><strong>in</strong></span> <span class='ocrx_word' id='word_1_172' title='bbox 1474 2247 1589 2278; x_wconf 84' lang='lat' dir='ltr'><strong>casu</strong></span> <span class='ocrx_word' id='word_1_173' title='bbox 1625 2230 1790 2294; x_wconf 88' lang='lat' dir='ltr'><strong>inopi-</strong></span> 
     </span>
     <span class='ocr_line' id='line_1_28' title="bbox 372 2298 1792 2365; baseline -0.004 -15"><span class='ocrx_word' id='word_1_174' title='bbox 372 2310 518 2350; x_wconf 82' lang='lat' dir='ltr'><strong>natae</strong></span> <span class='ocrx_word' id='word_1_175' title='bbox 564 2300 758 2347; x_wconf 83' lang='lat' dir='ltr'><strong>hostilis</strong></span> <span class='ocrx_word' id='word_1_176' title='bbox 810 2301 1104 2365; x_wconf 76' lang='lat' dir='ltr'><strong>irruptionis</strong></span> <span class='ocrx_word' id='word_1_177' title='bbox 1149 2298 1390 2348; x_wconf 85' lang='lat' dir='ltr'><strong>celebrari</strong></span> <span class='ocrx_word' id='word_1_178' title='bbox 1424 2314 1605 2365; x_wconf 85' lang='lat' dir='ltr'><strong>posse,</strong></span> <span class='ocrx_word' id='word_1_179' title='bbox 1655 2306 1792 2365; x_wconf 89' lang='lat' dir='ltr'><strong>patet</strong></span> 
     </span>
     <span class='ocr_line' id='line_1_29' title="bbox 372 2367 1795 2425; baseline -0.004 -7"><span class='ocrx_word' id='word_1_180' title='bbox 372 2388 434 2418; x_wconf 82' lang='lat' dir='ltr'><strong>ex</strong></span> <span class='ocrx_word' id='word_1_181' title='bbox 477 2374 635 2418; x_wconf 84' lang='lat'>1715:</span> <span class='ocrx_word' id='word_1_182' title='bbox 673 2372 716 2416; x_wconf 88' lang='lat'><strong>8.</strong></span> <span class='ocrx_word' id='word_1_183' title='bbox 750 2390 815 2403; x_wconf 70' lang='lat'><strong>—-</strong></span> <span class='ocrx_word' id='word_1_184' title='bbox 871 2368 1027 2416; x_wconf 73' lang='lat'><strong>1741:</strong></span> <span class='ocrx_word' id='word_1_185' title='bbox 1064 2373 1146 2418; x_wconf 84' lang='lat'><strong>22.</strong></span> <span class='ocrx_word' id='word_1_186' title='bbox 1181 2390 1248 2404; x_wconf 73' lang='lat'><strong>--·‹-</strong></span> <span class='ocrx_word' id='word_1_187' title='bbox 1292 2367 1440 2425; x_wconf 87' lang='lat' dir='ltr'><strong>Quod</strong></span> <span class='ocrx_word' id='word_1_188' title='bbox 1476 2383 1616 2414; x_wconf 90' lang='lat' dir='ltr'><strong>secus</strong></span> <span class='ocrx_word' id='word_1_189' title='bbox 1652 2376 1795 2425; x_wconf 84' lang='lat' dir='ltr'><strong>extra</strong></span> 
     </span>
     <span class='ocr_line' id='line_1_30' title="bbox 375 2434 1796 2501; baseline -0.004 -15"><span class='ocrx_word' id='word_1_190' title='bbox 375 2439 590 2486; x_wconf 89' lang='lat' dir='ltr'><strong>Comitia</strong></span> <span class='ocrx_word' id='word_1_191' title='bbox 635 2436 703 2496; x_wconf 90' lang='lat' dir='ltr'><strong>de</strong></span> <span class='ocrx_word' id='word_1_192' title='bbox 746 2436 918 2484; x_wconf 87' lang='lat' dir='ltr'><strong>Rebus</strong></span> <span class='ocrx_word' id='word_1_193' title='bbox 973 2447 1024 2484; x_wconf 85' lang='lat' dir='ltr'><strong>et</strong></span> <span class='ocrx_word' id='word_1_194' title='bbox 1071 2434 1281 2500; x_wconf 77' lang='lat' dir='ltr'><strong>objectis</strong></span> <span class='ocrx_word' id='word_1_195' title='bbox 1332 2452 1392 2484; x_wconf 90' lang='lat' dir='ltr'><strong>eo</strong></span> <span class='ocrx_word' id='word_1_196' title='bbox 1428 2435 1796 2501; x_wconf 82' lang='lat' dir='ltr'><strong>pertinentibus</strong></span> 
     </span>
     <span class='ocr_line' id='line_1_31' title="bbox 376 2504 1793 2570; baseline -0.004 -16"><span class='ocrx_word' id='word_1_197' title='bbox 376 2505 674 2564; x_wconf 79' lang='lat' dir='ltr'><strong>deliberari,</strong></span> <span class='ocrx_word' id='word_1_198' title='bbox 712 2515 760 2553; x_wconf 90' lang='lat' dir='ltr'><strong>et</strong></span> <span class='ocrx_word' id='word_1_199' title='bbox 796 2505 954 2569; x_wconf 84' lang='lat' dir='ltr'><strong>Leges</strong></span> <span class='ocrx_word' id='word_1_200' title='bbox 997 2504 1143 2553; x_wconf 89' lang='lat' dir='ltr'><strong>condi</strong></span> <span class='ocrx_word' id='word_1_201' title='bbox 1168 2521 1269 2551; x_wconf 86' lang='lat' dir='ltr'><strong>non</strong></span> <span class='ocrx_word' id='word_1_202' title='bbox 1299 2505 1520 2570; x_wconf 79' lang='lat' dir='ltr'><strong>possint,</strong></span> <span class='ocrx_word' id='word_1_203' title='bbox 1557 2513 1695 2570; x_wconf 82' lang='lat' dir='ltr'><strong>patet</strong></span> <span class='ocrx_word' id='word_1_204' title='bbox 1730 2518 1793 2550; x_wconf 80' lang='lat' dir='ltr'><strong>ex</strong></span> 
     </span>
     <span class='ocr_line' id='line_1_32' title="bbox 376 2572 1670 2635; baseline -0.004 -12"><span class='ocrx_word' id='word_1_205' title='bbox 376 2572 526 2623; x_wconf 82' lang='lat' dir='ltr'><strong>‘Ulad.</strong></span> <span class='ocrx_word' id='word_1_206' title='bbox 546 2573 926 2635; x_wconf 31' lang='lat' dir='ltr'><strong>D.V.1.·1597:</strong></span> <span class='ocrx_word' id='word_1_207' title='bbox 967 2577 1047 2622; x_wconf 71' lang='lat'><strong>46.</strong></span> <span class='ocrx_word' id='word_1_208' title='bbox 1090 2576 1242 2621; x_wconf 81' lang='lat'>1715:</span> <span class='ocrx_word' id='word_1_209' title='bbox 1285 2577 1361 2620; x_wconf 87' lang='lat'><strong>31.</strong></span> <span class='ocrx_word' id='word_1_210' title='bbox 1402 2575 1557 2622; x_wconf 83' lang='lat'>1791:</span> <span class='ocrx_word' id='word_1_211' title='bbox 1593 2578 1670 2622; x_wconf 84' lang='lat'><strong>12.</strong></span> 
     </span>
    </p>

    <p class='ocr_par' dir='ltr' id='par_1_6' title="bbox 378 2640 1793 2898">
     <span class='ocr_line' id='line_1_33' title="bbox 513 2640 1791 2707; baseline -0.002 -19"><span class='ocrx_word' id='word_1_212' title='bbox 513 2643 734 2707; x_wconf 85' lang='lat' dir='ltr'><strong>Tempus</strong></span> <span class='ocrx_word' id='word_1_213' title='bbox 775 2640 932 2707; x_wconf 81' lang='lat' dir='ltr'><strong>legale</strong></span> <span class='ocrx_word' id='word_1_214' title='bbox 968 2642 1302 2690; x_wconf 82' lang='lat' dir='ltr'><strong>Comitiorum</strong></span> <span class='ocrx_word' id='word_1_215' title='bbox 1337 2651 1411 2688; x_wconf 90' lang='lat' dir='ltr'><strong>est</strong></span> <span class='ocrx_word' id='word_1_216' title='bbox 1446 2659 1603 2688; x_wconf 91' lang='lat' dir='ltr'><strong>unum</strong></span> <span class='ocrx_word' id='word_1_217' title='bbox 1639 2640 1791 2687; x_wconf 87' lang='lat' dir='ltr'><strong>bime·</strong></span> 
     </span>
     <span class='ocr_line' id='line_1_34' title="bbox 378 2709 1793 2775; baseline -0.004 -16"><span class='ocrx_word' id='word_1_218' title='bbox 378 2722 479 2760; x_wconf 88' lang='lat' dir='ltr'><strong>stre</strong></span> <span class='ocrx_word' id='word_1_219' title='bbox 519 2716 673 2759; x_wconf 82' lang='lat'>1723:</span> <span class='ocrx_word' id='word_1_220' title='bbox 714 2713 757 2757; x_wconf 80' lang='lat'><strong>7.</strong></span> <span class='ocrx_word' id='word_1_221' title='bbox 796 2711 999 2757; x_wconf 85' lang='lat' dir='ltr'><strong>Mortuo</strong></span> <span class='ocrx_word' id='word_1_222' title='bbox 1045 2710 1195 2775; x_wconf 83' lang='lat' dir='ltr'><strong>Rege,</strong></span> <span class='ocrx_word' id='word_1_223' title='bbox 1233 2726 1487 2758; x_wconf 78' lang='lat' dir='ltr'><strong>successor</strong></span> <span class='ocrx_word' id='word_1_224' title='bbox 1523 2709 1633 2757; x_wconf 81' lang='lat' dir='ltr'><strong>Rex</strong></span> <span class='ocrx_word' id='word_1_225' title='bbox 1664 2709 1793 2754; x_wconf 85' lang='lat' dir='ltr'><strong>intra</strong></span> 
     </span>
     <span class='ocr_line' id='line_1_35' title="bbox 383 2776 1791 2844; baseline -0.004 -17"><span class='ocrx_word' id='word_1_226' title='bbox 383 2797 469 2827; x_wconf 76' lang='lat' dir='ltr'><strong>sex</strong></span> <span class='ocrx_word' id='word_1_227' title='bbox 507 2795 699 2826; x_wconf 87' lang='lat' dir='ltr'><strong>menses</strong></span> <span class='ocrx_word' id='word_1_228' title='bbox 742 2779 964 2825; x_wconf 87' lang='lat' dir='ltr'><strong>Diaetam</strong></span> <span class='ocrx_word' id='word_1_229' title='bbox 1023 2776 1368 2836; x_wconf 84' lang='lat' dir='ltr'><strong>indicendam,</strong></span> <span class='ocrx_word' id='word_1_230' title='bbox 1418 2787 1469 2826; x_wconf 88' lang='lat' dir='ltr'><strong>et</strong></span> <span class='ocrx_word' id='word_1_231' title='bbox 1504 2779 1791 2844; x_wconf 78' lang='lat' dir='ltr'><strong>gravamina</strong></span> 
     </span>
     <span class='ocr_line' id='line_1_36' title="bbox 379 2845 1076 2898; baseline -0.009 -1"><span class='ocrx_word' id='word_1_232' title='bbox 379 2846 603 2897; x_wconf 80' lang='lat' dir='ltr'><strong>tollenda</strong></span> <span class='ocrx_word' id='word_1_233' title='bbox 638 2845 795 2894; x_wconf 79' lang='lat' dir='ltr'><strong>habet.</strong></span> <span class='ocrx_word' id='word_1_234' title='bbox 848 2849 990 2898; x_wconf 79' lang='lat'><strong>1659.</strong></span> <span class='ocrx_word' id='word_1_235' title='bbox 1036 2851 1076 2893; x_wconf 90' lang='lat'><strong>1.</strong></span> 
     </span>
    </p>
   </div>
  </div>
 </body>
</html>
