1964 3440
963 262 1299 314 ...04-

485 399 728 441 Academiis
747 397 799 440 ad
822 412 1012 440 normam
1030 403 1276 440 exterarum
1303 397 1662 449 Universilatum,
1688 399 1843 445 Studia

481 457 625 495 doceri
657 456 907 506 voluerunt,
933 471 1066 509 usque
1097 456 1148 496 ad
1177 462 1370 506 tempora
1403 454 1572 497 Mariae
1600 457 1840 500 Theresiae

480 513 552 552 vix
580 512 694 552 aliud
730 514 1009 553 constitutum
1040 518 1138 558 est,
1182 525 1325 552 verum
1367 513 1540 553 tandem
1581 515 1840 556 immortalis

478 566 587 607 haec
628 566 849 609 Musarum
877 566 1113 608 Maecenas
1143 582 1252 608 anno
1285 566 1406 607 1770.
1438 570 1619 617 eandem
1649 571 1702 610 ad
1731 570 1842 613 Nor-

478 636 588 663 mam
620 621 929 664 Universitatis
948 621 1206 665 Viennensis
1223 623 1459 663 reformare
1478 628 1621 676 coepit
1637 654 1650 673 ,
1679 627 1838 668 collata

475 680 514 718 ei
553 680 724 720 insimul
762 677 951 718 Abbatia
981 679 1190 725 Foldvaeir,
1238 680 1362 731 cujus
1392 693 1447 720 ex
1478 681 1629 733 amplis
1656 696 1838 734 proven-

476 734 593 775 tibus
612 749 714 774 mox
740 735 871 772 etiam
895 732 1141 774 cathedrae
1160 734 1380 776 Juridicae
1403 737 1658 787 ampliatae,
1687 743 1730 778 et
1746 743 1838 780 tota

475 790 677 832 Facultas
717 787 890 830 Medica
918 803 1009 829 cum
1042 789 1232 840 pluribus
1266 789 1361 832 aliis
1397 791 1659 844 Cathedris,
1692 798 1837 841 erecta

476 848 760 886 exstiterunt.
790 844 857 884 Ab
885 843 965 884 hoc
1006 844 1104 885 inde
1130 851 1322 896 tempore
1348 846 1491 890 Maria
1523 847 1737 890 Theresia
1762 849 1840 889 Jus

476 915 700 952 supremae
739 899 1028 952 Inspectionis
1055 905 1097 940 et
1123 900 1498 944 Denominationis
1526 904 1839 953 Professorum‚

473 956 554 996 hac
581 958 623 997 in
654 955 983 1007 Universitate‚
1020 959 1215 1008 inprimis
1249 955 1416 998 abolito
1455 959 1618 1003 Ordine
1643 962 1836 1002 Jesuita-

474 1026 583 1060 rum,
614 1025 822 1054 exercere
853 1015 1011 1064 coepit.
1041 1012 1223 1053 Domum
1259 1014 1380 1055 4780.
1413 1012 1840 1069 'l'y1-naviaB11dani,

475 1067 575 1110 hino
605 1084 709 1112 vero
739 1070 860 1112 1784.
889 1069 1111 1110 Pestinum
1142 1068 1357 1111 translata
1385 1074 1466 1113 est.

1037 1212 1094 1294 §.³
1131 1216 1206 1261 ⁷9.

602 1350 656 1409 5.
702 1355 996 1411 Convictus
1023 1359 1081 1407 et
1108 1350 1411 1426 Stipendia
1446 1353 1654 1430 Regia.

553 1502 626 1551 Ad
670 1501 878 1551 Scholas
920 1503 1210 1553 referuntur
1250 1503 1399 1550 etiam
1439 1503 1738 1563 Convictus,
1779 1505 1827 1549 in

410 1571 593 1638 quibus
633 1572 863 1636 inprimis
908 1572 1151 1622 Juventus
1200 1570 1398 1621 Nobilis
1456 1572 1827 1619 Institutionem

409 1644 458 1687 in
495 1639 700 1687 diversis
746 1639 1010 1702 Scientiis‚
1062 1657 1181 1707 prae
1202 1641 1410 1689 caeteris
1440 1656 1562 1686 vero
1600 1640 1648 1685 in
1694 1639 1827 1686 Reli·-

407 1711 555 1775 gione
589 1709 850 1755 Romano·
872 1709 1157 1769 Catholica,
1196 1710 1348 1775 gratis
1386 1707 1623 1770 obtinet,
1645 1725 1699 1755 ac
1741 1707 1825 1753 ho·

411 1776 563 1842 spitio
598 1787 648 1823 et
676 1777 812 1822 victu
840 1770 1046 1843 quoque
1073 1777 1381 1844 providetur.
1414 1774 1462 1840 *J
1492 1774 1735 1841 Josephus
1759 1776 1824 1821 ll.

406 1843 611 1910 quidem
656 1845 929 1892 Convictus
952 1882 964 1905 ,
1004 1857 1053 1893 et
1087 1849 1135 1892 in
1172 1846 1228 1891 iis
1257 1846 1540 1892 Juventutis
1580 1845 1825 1892 Monaste·

407 1910 581 1959 rialem
611 1912 850 1959 educandi
880 1913 1089 1962 modum
1131 1913 1443 1979 temporibus
1486 1914 1584 1959 suis
1633 1915 1826 1959 inacco·

404 1978 600 2028 modata
633 1995 864 2040 censens,
904 2000 1077 2030 omnes
1108 1983 1379 2029 Convictus
1422 1985 1565 2029 1784.
1596 1978 1821 2038 sustulit,

405 2057 457 2096 et
483 2063 661 2094 eorum
685 2058 962 2112 proventus
978 2052 1026 2095 in
1052 2041 1326 2114 Stipendia,
1350 2047 1678 2097 Studentihus
1700 2047 1827 2095 bene

405 2116 613 2163 moratis
658 2125 708 2162 et
749 2117 1108 2176 eminentibus,
1153 2116 1414 2177 solvenda,
1465 2116 1821 2176 co1nmuta'vit3

404 2200 582 2231 verum
620 2192 735 2249 post
773 2194 988 2232 mortem
1018 2187 1171 2251 ipsius
1215 2185 1489 2233 Convictus
1526 2186 1710 2232 iterum
1743 2201 1818 2230 re·

405 2253 609 2300 staurati
642 2261 785 2312 sunt,
821 2251 905 2300 sed
933 2270 1044 2301 mos
1072 2270 1278 2319 quoque
1302 2251 1564 2318 Stipendia
1592 2251 1818 2300 solvendi

405 2337 469 2369 ex
489 2331 631 2386 parte
660 2330 880 2368 retentus
909 2332 998 2371 est.
1034 2322 1211 2386 Itaque
1241 2331 1355 2387 post
1373 2332 1584 2369 mortem
1613 2320 1815 2385 Josephi

404 2389 601 2454 primus
627 2389 898 2437 Convictus
929 2407 1060 2438 anno
1100 2393 1249 2438 1796.
1302 2388 1574 2456 Zagrabiae
1618 2406 1711 2455 pro
1750 2391 1815 2436 46

404 2458 649 2505 Croaticis
669 2457 901 2504 Alumnis
927 2457 1194 2506 Nobilibus
1226 2468 1426 2522 apertus
1451 2467 1541 2518 est,
1572 2475 1674 2522 quo
1704 2457 1811 2504 Rex

402 2527 467 2573 28
501 2525 750 2573 Alumnos
771 2562 783 2586 ,
819 2536 1041 2574 caeteros
1071 2543 1190 2573 vero
1233 2526 1510 2592 Episcopus
1541 2535 1590 2573 et
1623 2524 1814 2572 Funda-

403 2601 539 2641 tores
568 2591 749 2658 reliqui
777 2595 1052 2641 nominant.
1091 2594 1252 2641 Etiam
1278 2595 1539 2644 Cassoviae
1568 2597 1695 2642 1⁷98
1718 2608 1810 2657 pro

402 2665 468 2710 42
502 2659 811 2708 Beneficiatis
842 2661 1111 2710 Nobilibus
1140 2663 1414 2710 Juvenibus
1441 2663 1711 2711 Convictus
1739 2664 1810 2707 in·-

403 2730 605 2776 stitutus
631 2738 735 2790 est,
772 2731 823 2776 in
854 2746 1007 2794 quem
1043 2730 1152 2778 Rex
1195 2733 1254 2778 18
1292 2729 1540 2779 Alumnos
1568 2728 1809 2795 designat,

399 2821 467 2833 —
504 2796 979 2862 Magno-Varadini
1023 2816 1155 2847 anno
1202 2802 1332 2847 1800
1374 2802 1563 2865 pariter
1606 2800 1806 2863 p150,58

397 2864 635 2916 Alumnis
661 2864 930 2916 Nobilibus
964 2867 1234 2916 Convictus
1261 2866 1458 2917 fundari
1495 2866 1689 2932 coepit,
1713 2863 1807 2926 ,sed
