1964 3440
948 244 1317 293 -130222

435 375 606 427 eadem
649 373 878 439 juventus
905 374 1226 426 Monarchiae
1260 378 1553 427 Austriacae
1576 379 1773 428 :studiis
1798 391 1846 430 et.

432 444 639 505 artibus,
672 444 719 489 in
762 442 969 509 sphaera
993 446 1223 494 culturae
1253 448 1557 494 minerarum
1585 459 1636 494 et
1666 450 1839 496 metal‘

430 512 600 560 lorum
640 513 956 575 necessariis,
987 514 1260 562 erudiatur.
1301 513 1567 563 Academia
1597 515 1714 564 haec
1751 533 1842 582 per

429 579 702 647 Josephum
745 579 813 628 II.
878 590 930 626 et
983 581 1305 648 Leopoldum
1362 583 1429 631 ΙΙ.
1498 600 1554 631 ac
1614 585 1843 650 inprimis

430 667 522 717 per
579 648 936 716 gloriosissime
999 662 1292 714 regnantem
1340 661 1570 699 nostrum
1625 654 1843 719 Regem,

431 720 613 767 eximie
673 715 842 763 dotata
868 751 881 776 ‚
939 717 1186 782 novisque
1253 718 1501 768 cathedris
1552 731 1695 768 aucta
1742 730 1842 781 est,

432 787 554 835 adeo
587 820 600 843 ,
658 792 713 830 ut
757 785 887 831 inter
951 787 1115 850 prima
1176 786 1849 838 Montanistico-Forestra-

431 856 496 902 lia
527 852 761 899 Instituta
779 851 969 918 ubique
1000 854 1234 901 locorum
1262 853 1440 902 referri
1471 854 1650 904 valeat.
1681 857 1737 905 In
1756 856 1845 905 hac

431 919 701 970 Academia
732 922 957 988 quinque
988 919 1230 969 ordinarii
1260 921 1603 984 Professores,
1631 924 1777 972 simul
1795 926 1845 971 in

432 1006 488 1038 re
537 999 777 1038 montana
834 990 1072 1038 Actuales
1124 990 1407 1040 Consiliarii
1448 991 1590 1058 Regii
1610 1026 1635 1052 ,-
1654 992 1844 1041 docenti

430 1060 617 1107 Cursus
647 1058 972 1106 Theoreticus
1000 1056 1160 1104 tribus
1190 1060 1331 1107 annis
1360 1060 1506 1108 durat
1527 1096 1541 1122 ‚
1568 1062 1648 1108 cui
1677 1073 1845 1108 tamen

433 1129 601 1194 praxis
628 1144 833 1193 quoque
866 1127 1220 1175 montanistica
1263 1127 1454 1176 adnexa
1498 1139 1586 1177 est.
1648 1128 1846 1190 Adsunt

433 1199 483 1243 in
527 1213 583 1242 ea
627 1191 860 1242 nonnulli
906 1212 998 1260 per
1041 1193 1197 1242 Suam
1228 1193 1544 1260 Majestatem
1572 1195 1849 1245 beneficiati

435 1278 641 1330 quoque
670 1260 895 1328 juvenes,
926 1262 1361 1326 (Practz‘cantes)
1390 1267 1477 1329 qui
1506 1265 1574 1313 oh
1602 1263 1679 1326 id,
1701 1267 1849 1314 certis

435 1332 576 1380 annis
601 1332 740 1398 regio
774 1331 935 1393 officio
961 1331 1357 1398 obstringuntur.

904 1474 946 1529 S
973 1491 1007 1527 e
1034 1490 1065 1528 c
1103 1479 1127 1526 t
1153 1474 1173 1526 i
1200 1489 1233 1526 o
1277 1470 1379 1528 III.

526 1586 671 1640 Jura
712 1585 895 1658 Regis
943 1584 1266 1640 Reservata
1290 1591 1560 1657 respectu
1593 1584 1760 1642 Salis,

1031 1714 1069 1778 ᾗ.
1116 1718 1229 1765 155.

717 1836 837 1897 Res
888 1837 1179 1896 salmaria
1218 1844 1277 1896 in
1328 1838 1564 1896 Genere.

576 1966 746 2016 Salem
784 1968 832 2012 in
879 1967 1137 2032 Hungaria
1185 1967 1515 2033 praecipuum
1544 1974 1850 2031 proventum

442 2037 631 2103 regium
666 2032 970 2082 coronalem
1002 2035 1336 2095 constituere,
1368 2033 1467 2099 jam
1491 2035 1637 2081 Parte
1660 2033 1695 2079 I.
1719 2031 1742 2094 ᾗ
1768 2035 1850 2079 22.

441 2105 711 2154 adductum
741 2113 828 2150 est.
867 2103 996 2148 Cum
1033 2118 1154 2149 vero
1194 2103 1498 2168 productum
1528 2100 1622 2149 hoc
1645 2110 1853 2147 naturae

440 2174 500 2222 ad
532 2173 828 2240 praecipuas
858 2167 1154 2234 indigentias
1178 2168 1418 2217 humanas
1447 2170 1710 2235 pertineat,
1733 2168 1855 2215 hinc

441 2243 502 2290 de
527 2260 587 2290 eo
619 2241 836 2288 multum
865 2254 1070 2303 quoque
1099 2238 1375 2285 diaetaliter
1403 2248 1568 2285 actum
1595 2247 1644 2285 et
1665 2235 1853 2284 delibe-

441 2320 606 2358 ratum
639 2318 744 2368 est,
797 2317 848 2353 et
884 2307 1112 2371 inprimis
1148 2305 1210 2353 de
1240 2304 1347 2372 ejus
1379 2307 1541 2371 pretio
1570 2305 1727 2353 multa
1759 2313 1853 2351 sta-

440 2390 562 2438 tuta,
582 2376 718 2443 quod
736 2374 797 2422 ad
816 2373 1075 2421 diaetalem
1098 2375 1552 2440 pertractationem,
1567 2400 1631 2408 --
1645 2377 1753 2421 nisi
1767 2387 1855 2419 ea·-

441 2457 649 2497 tremae
669 2448 1111 2493 circumstantiae
1128 2442 1278 2491 aliud
1291 2448 1587 2504 (affigerent,
1606 2469 1670 2478 —-
1690 2444 1848 2490 1790:

440 2521 523 2566 20.
556 2523 764 2581 spectat.
820 2513 892 2559 De
920 2512 1119 2576 reliquo
1151 2522 1253 2559 tota
1280 2511 1397 2558 salis
1431 2509 1758 2577 manipulatio
1783 2507 1853 2555 ef·

439 2581 619 2644 fossio,
646 2592 697 2629 et
730 2582 1088 2645 transportatio
1108 2616 1119 2638 ‚
1149 2578 1211 2625 ad
1240 2579 1363 2626 Jura
1396 2578 1548 2644 Regia
1582 2579 1854 2626 Reservata
1892 2590 1894 2594 ·

440 2655 679 2721 pertinet:
716 2653 869 2703 1729:
898 2651 938 2695 5.
967 2675 1033 2683 -—-
1061 2648 1130 2694 Ut
1161 2665 1282 2695 vero
1308 2645 1491 2694 salibus
1521 2665 1621 2694 non
1650 2645 1820 2693 Judaei
1840 2679 1852 2701 ,

438 2720 518 2770 vel
549 2717 843 2777 Ismae'litae,
867 2713 951 2764 secl
971 2714 1253 2771 Christiani,
1276 2716 1411 2781 iique
1444 2715 1665 2773 Nobiles,
1699 2728 1840 2778 prae-

437 2788 691 2846 ficiantur,
718 2785 950 2835 statuitur
979 2782 1104 2830 And.
1124 2783 1190 2832 ΙΙ.
1221 2783 1283 2831 D.
1311 2784 1359 2831 l:
1388 2783 1651 2849 24.—-qui
1669 2781 1865 2846 possit-t*

441 2857 543 2906 sale
574 2849 826 2904 maritimo
856 2864 906 2901 et
936 2849 1177 2901 Polonico
1210 2854 1308 2911 uti,
1336 2849 1436 2913 jam
1468 2867 1625 2917 aeque
1644 2850 1788 2899 Parte
1814 2847 1853 2894 Ι.
