1964 3440
967 250 1302 297 ...30³—

417 389 734 441 Praefectura
777 398 1018 456 respectu
1056 391 1290 437 transitus
1315 424 1328 450 ‚
1370 386 1712 438 dislocationis
1736 425 1749 448 ,
1790 398 1843 439 et

418 460 723 527 provisionis
750 458 972 519 militiae,
1001 458 1187 525 dirigit.
1230 474 1480 523 -Ksuper
1518 459 1843 507 incassatione

422 527 815 577 contributionis
847 528 1062 576 rationes
1097 546 1124 574 a
1159 527 1452 592 respectivis
1476 524 1845 576 Jurisdictioni-

413 597 511 646 bus
553 598 738 660 exigit,
780 613 965 661 easque
1001 595 1220 657 revidet,
1256 593 1508 661 approbat
1547 593 1625 642 vel
1668 612 1841 662 repro·

417 665 523 714 bat.
573 665 770 713 Idcirco
809 662 1077 713 Excelsum
1117 665 1397 713 Consilium
1437 663 1654 729 Regium
1690 666 1842 713 etiam.

413 733 857 782 Contribuentium
883 732 1229 780 Protectorem
1259 734 1375 797 agit,
1403 748 1583 781 eorum
1612 733 1839 781 Urhalia-

423 801 498 850 les
528 802 716 849 Causas
743 817 966 867 quoque,
997 818 1023 848 a
1049 800 1238 848 Sedriis
1286 802 1632 849 Comitatuum
1658 817 1721 850 eo
1760 800 1841 849 de·

413 871 605 931 ductas,
665 870 890 932 revidet,
936 878 1015 931 et,
1046 879 1102 917 ut
1140 866 1417 916 Urbarium
1456 869 1647 936 ubique
1671 879 1847 919 exacte

413 937 717 988 observetur
734 972 749 997 ,
779 937 1149 1004 superinspicit.

584 1005 771 1056 Subest
817 1016 1078 1074 praeterea
1133 1005 1440 1071 Inspectioni
1482 1016 1534 1055 et
1564 1006 1846 1056 Directioni

420 1075 618 1127 Excelsi
660 1077 866 1124 Consilii
908 1075 970 1122 R.
1008 1072 1280 1140 Objeetum
1312 1074 1640 1137 Literarium,
1675 1076 1848 1142 proin-

419 1147 481 1195 de
517 1155 790 1212 promovet
816 1143 1071 1193 eulturam
1102 1141 1436 1203 nationalem‚
1490 1143 1849 1211 superinspicit

416 1215 752 1263 Universitati
807 1212 1160 1270 scientiarum,
1208 1210 1517 1271 Academiis‚
1562 1210 1851 1278 Gymnasiis

415 1291 468 1333 et
494 1282 760 1330 Universis
788 1280 988 1330 Scholis
1016 1289 1066 1327 et
1090 1278 1354 1329 InstitutiS.
1386 1281 1536 1348 Regit
1569 1282 1847 1329 Censuram

414 1351 709 1410 Librorum,
739 1367 917 1398 euram
947 1347 1094 1396 habet
1114 1347 1372 1396 Generalis
1402 1349 1580 1397 Cassae
1598 1346 1849 1397 Paroeho·

413 1438 559 1482 rum,
587 1419 793 1467 Piarum
832 1416 1202 1465 Fundationum
1227 1453 1240 1476 ,
1280 1416 1678 1484 Fundorumque
1713 1415 1850 1464 Reli-

412 1489 627 1555 gionarii
655 1525 667 1550 ‚
705 1485 1033 1545 Studiorum,
1067 1486 1445 1547 Universitatis,
1492 1487 1849 1535 Convictuum.

420 1557 613 1627 Dirigit
680 1558 729 1602 in
773 1571 954 1621 genere
1001 1570 1109 1602 rem
1161 1565 1422 1603 externam
1479 1553 1850 1620 religionariam

417 1637 523 1676 tam
595 1624 1009 1683 Catholicorum‚
1081 1641 1233 1688 quam
1298 1633 1348 1671 et·
1396 1623 1849 1688 Evangelicorum‚

413 1694 601 1744 horum
653 1695 803 1742 etiam
849 1695 1037 1741 Causae
1075 1703 1126 1739 et
1178 1693 1505 1752 Quaestiones
1543 1689 1848 1741 Ecclesiasti-

416 1779 505 1812 cae
548 1779 697 1829 saepe
741 1761 1027 1809 immediate
1068 1759 1151 1809 vel
1195 1759 1412 1809 mediate
1471 1759 1535 1808 ad
1578 1759 1849 1810 Excelsum

417 1830 706 1881 Consilium
735 1831 795 1878 R.
834 1828 1180 1890 deducuntur,
1212 1839 1262 1877 et
1288 1830 1368 1878 vel
1395 1827 1582 1878 ibidem
1610 1828 1846 1878 decidun-

416 1910 534 1960 tur,
574 1900 654 1948 vel
686 1899 816 1947 Suae
850 1897 1101 1964 Majestati
1128 1896 1226 1946 fine
1258 1898 1526 1947 altissimae
1551 1897 1850 1958 Decisionis,

415 1985 534 2017 cum
568 1979 695 2017 voto
741 1978 791 2015 et
836 1968 1078 2033 opinione
1106 1977 1534 2034 representantur.
1571 1994 1639 2004 -·
1673 1966 1850 2028 (Exce-

413 2037 514 2102 ptis
554 2044 722 2083 tamen
771 2035 943 2084 Causis
980 2033 1362 2097 divortialibuS‚
1415 2053 1546 2102 quae
1571 2053 1634 2084 ex
1670 2032 1848 2082 Sedria

419 2121 514 2172 per
570 2103 826 2154 ordinaria
876 2103 1036 2170 Regni
1090 2103 1218 2152 Fora
1262 2105 1586 2171 appellantur
1634 2112 1686 2152 et
1714 2101 1847 2151 deci-

416 2171 651 2238 duntur.)
1919 2170 1929 2178 “

556 2240 930 2309 superinspicit
964 2248 1224 2306 praeterea
1266 2239 1537 2290 Excelsum
1566 2238 1846 2290 Consilium

416 2310 634 2378 Regium
681 2312 731 2358 in
770 2310 1025 2375 Hungaria
1064 2311 1375 2376 promotioni
1418 2318 1469 2358 et
1506 2308 1846 2359 meliorationi

419 2381 702 2428 universim
755 2379 1108 2439 oeconomiae,
1157 2388 1207 2426 et
1239 2380 1562 2428 Commercio
1585 2416 1599 2439 ,
1637 2377 1851 2427 Publico

417 2448 644 2497 Politicis
675 2448 886 2514 objectis
917 2448 1258 2495 Comitatuum
1286 2457 1336 2495 et
1364 2446 1656 2508 civitatum,
1684 2445 1844 2496 omni·

422 2517 519 2565 bus
556 2516 856 2565 Caehalibus
899 2515 1255 2563 Contuberniis
1296 2526 1346 2564 et
1387 2515 1627 2583 opificiis.
1667 2514 1844 2565 Eidem

418 2587 702 2634 Commissa
736 2595 810 2635 est
865 2589 1020 2636 1723:
1075 2590 1186 2635 115.
1236 2584 1517 2640 elaboratio
1550 2585 1842 2650 Systematis

419 2653 756 2703 Oeconomiae
787 2655 947 2717 Regni
988 2652 1236 2701 Publicae.
1266 2653 1458 2702 Pariter
1494 2660 1644 2705 1723:
1681 2660 1757 2703 18.
1790 2658 1842 2701 et

421 2727 536 2774 103.
574 2722 999 2788 Impopulationis
1046 2722 1096 2768 in
1133 2722 1308 2787 Regno
1348 2722 1724 2789 promovendae
1755 2740 1837 2770 eu·

412 2810 485 2848 ra.
533 2791 609 2840 Eo
638 2794 856 2857 pertinet
889 2791 1158 2857 Regulatio
1199 2799 1250 2838 ct
1288 2791 1568 2857 Abrogatio
1601 2791 1837 2840 Telonic·

427 2877 542 2908 rum
578 2860 845 2920 siccorum,
879 2861 1130 2926 Inspectio
1156 2861 1484 2923 reparationis
1511 2861 1717 2910 Viarum
1747 2879 1836 2928 pu·
