1964 3440
426 233 666 293 aaa-‚am
937 257 1001 270 -
1078 238 1173 284 110
1244 253 1307 277 .-

1029 372 1067 435 §—
1110 377 1216 425 139.
1311 434 1314 436 ,

576 475 652 532 Π.
690 538 691 541 ¹
720 471 869 531 Jura
902 472 1087 551 Regis·
1122 483 1281 551 circa
1305 478 1690 537 Nobz'lae’tatem.

560 587 866 645 Nobilitas,
918 589 1020 636 sive
1057 588 1454 652 Praerogatz’va
1487 589 1842 651 Nobilz‘tam's,

424 658 651 707 consistit
680 659 729 703 in
764 653 1047 704 Collatione
1076 658 1227 723 Regia
1262 660 1543 726 privilegii,
1581 658 1727 707 alicui
1755 659 1841 706 be-

423 743 486 774 ne
520 727 725 773 meritae
754 722 999 771 Personae
1017 730 1253 788 concessi,
1282 746 1384 792 quo
1416 728 1589 775 eadem
1613 727 1674 774 ab
1706 726 1844 774 omni

424 794 716 842 rusticitatis
780 793 1019 840 servitute
1072 795 1122 839 in
1165 806 1465 860 perpetuum
1501 797 1763 856 eximitur,
1795 804 1847 843 et

423 862 486 911 ad
523 862 906 909 eminentiorem
939 860 1137 910 civilem
1172 874 1355 911 statum
1384 862 1635 924 evehitur,
1666 881 1721 912 ac
1757 877 1844 929 pe-

426 931 701 980 culiaribus
756 930 1146 992 Praerogativis,
1193 931 1601 980 Immunitatibus
1645 942 1695 982 et
1721 932 1846 982 Insia

426 999 636 1068 gnibus,
669 1000 900 1049 donatur.
934 997 1065 1047 Part.
1100 1001 1149 1047 I:
1186 1010 1244 1050 tt.
1286 1008 1334 1050 4.
1374 1006 1420 1051 9.

1024 1122 1062 1186 ᾗ.
1130 1127 1243 1173 140.

582 1233 781 1302 Medi,
819 1233 1006 1307 quibus
1048 1231 1335 1286 Nobilitas
1372 1230 1691 1303 confertur.

564 1347 821 1397 Nobilitas
854 1364 974 1395 vero
1012 1344 1298 1412 Hungarica
1333 1342 1656 1410 sequentibus
1677 1340 1856 1393 >Medis

429 1416 716 1468 confertur:
1624 1430 1627 1433 “

638 1491 770 1533 lmo.
809 1483 922 1533 Per
947 1481 1167 1532 Literas
1205 1484 1404 1546 Regias
1432 1481 1706 1542 Armales,
1739 1480 1852 1547 qui·
1934 1508 1942 1521 ι

433 1552 546 1615 buS,
581 1570 729 1602 sensu
765 1557 917 1604 1630:
946 1555 1028 1598 30.
1068 1553 1195 1602 hene
1228 1552 1434 1599 meritae
1468 1561 1518 1602 et
1549 1548 1856 1598 sufficienter

433 1622 815 1672 commendatae
863 1637 1141 1688 personae,
1177 1621 1368 1686 absque
1406 1618 1691 1671 Collatione
1723 1619 1861 1667 Juris

435 1690 818 1739 Possessionarii
850 1727 864 1751 ,
945 1689 1293 1755 Praerogativa
1351 1686 1645 1740 Nobilitaris
1698 1685 1859 1736 datur.

433 1757 567 1807 Part.
601 1759 639 1806 I.
670 1770 726 1806 tt.
760 1763 807 1810 3.
838 1765 884 1807 Δ.
922 1757 1272 1826 Praerogativa
1296 1759 1594 1809 Nobilitaris
1621 1774 1724 1805 non
1752 1766 1860 1804 tan-

430 1837 541 1877 tum
590 1827 929 1894 singularibus
974 1827 1235 1889 Peisonis,
1277 1828 1363 1881 sed
1408 1826 1557 1878 etiam
1599 1824 1855 1874 interdum

365 1952 371 1960 Ι
431 1896 639 1963 integris
683 1896 1025 1963 Corporibus,
1071 1892 1341 1964 Collegiis,
1388 1909 1438 1947 et
1473 1895 1854 1947 Communitati-

428 1962 525 2013 bus
559 1965 610 2011 in
639 1976 874 2014 concreto
910 1965 1202 2027 confertur,
1233 1964 1387 2015 talem
1417 1966 1583 2033 adepti
1615 1973 1730 2013 sunt
1764 1962 1852 2010 Di·

431 2035 635 2082 strictus
662 2034 901 2099 Jazygum
929 2042 979 2080 et
1007 2036 1347 2082 Cumanorum
1370 2071 1384 2097 ,
1420 2035 1685 2084 collective
1717 2048 1850 2079 sum·

432 2103 502 2165 ti,
538 2101 638 2149 Sex
671 2102 854 2168 oppida
881 2100 1227 2165 Hajdnnicalia
1249 2120 1406 2168 aeque
1425 2098 1690 2152 collective
1718 2106 1851 2147 'sum-

433 2181 498 2219 ta.
540 2175 703 2233 1792:
736 2175 813 2222 29.
852 2170 962 2218 Tali
989 2171 1203 2234 gaudent
1231 2170 1452 2239 singulae
1482 2172 1719 2220 Civitates
1752 2169 1850 2215 Re-

434 2241 570 2305 giae,
614 2240 826 2288 Nobiles
875 2237 937 2286 de
990 2238 1142 2287 Szent
1170 2239 1298 2300 Gal,
1346 2240 1550 2290 Incolae
1576 2238 1721 2288 Arois
1747 2235 1854 2285 Ab-

436 2308 600 2357 hatiae
630 2305 1140 2358 Petrovaradinensis.
1631 2302 1634 2306 ’
1673 2301 1684 2310 ”

617 2377 755 2439 μ2εἱο.
822 2377 926 2426 Per
973 2377 1193 2428 Lz'teras
1238 2377 1442 2440 Regias
1486 2373 1856 2438 Indigenatum

436 2443 785 2505 conferentes,
840 2446 1024 2512 quibus
1067 2464 1248 2514 nempe
1293 2463 1536 2513 personae
1565 2455 1854 2501 extraneae,

437 2513 501 2561 de
533 2515 685 2579 Rege,
707 2515 782 2565 vel
809 2516 983 2580 Regno
1011 2512 1312 2582 Hungariae,
1343 2515 1469 2563 bene
1500 2513 1705 2562 meritae
1731 2511 1854 2558 Jure

437 2593 486 2630 et
518 2582 882 2650 Praerogativis
915 2583 1201 2632 Nobilitatis
1240 2584 1553 2650 Hungaricae
1582 2577 1856 2630 donanturss

442 2655 604 2708 15503
643 2658 718 2702 77.
764 2654 919 2702 1687:
961 2658 1038 2702 26.
1080 2657 1234 2704 1715:
1272 2657 1352 2704 23.
1399 2657 1555 2701 1741:
1592 2655 1670 2700 45.
1704 2645 1851 2706 Quod

436 2738 558 2769 vero
595 2722 759 2768 taliter
792 2723 977 2786 recepti
1006 2723 1271 2787 Indigenae
1297 2722 1370 2769 sui
1398 2720 1855 2768 inarticulatione'rri

433 2791 587 2910 {tiam
615 2790 666 2835 in
696 2790 869 2837 Diaeta
899 2788 1127 2839 obtinere
1155 2787 1392 2852 debeant,
1424 2798 1563 2855 patet
1593 2804 1655 2837 ex
1690 2787 1847 2834 1791:

470 2862 516 2907 9.
560 2861 713 2911 1830:
757 2863 834 2910 17.
1190 2865 1191 2868 ¹
