1964 3440
912 267 1248 313 ..52—

366 403 612 449 nomicum
647 402 805 451 habet.
839 404 1161 453 Memoranda
1193 416 1447 472 praeterea
1474 405 1554 452 hie
1576 406 1781 453 veniunt

366 470 479 517 duo.
510 471 701 519 Studia
730 472 1102 536 Psz‘losoplm‘ca
1121 513 1132 534 ‚
1162 493 1317 521 unum
1352 466 1661 537 Skegedz'nQ
1690 475 1774 521 ali-

364 537 429 584 ud
463 537 755 602 Sabart'ae‚
797 544 1069 590 existentia.

365 664 408 709 ⁹)
468 664 710 707 canonicus
739 663 952 719 Georgius
976 666 1158 708 condam
1191 665 1374 719 Foglzir,
1405 664 1562 716 Agriae
1601 675 1680 715 pro
1706 663 1783 703 do·

477 722 617 762 cendn
657 720 758 760 Jure
784 719 929 762 Patrio
960 722 1250 764 fundationem
1282 738 1375 764 cum
1409 725 1564 769 50‚000
1588 719 1634 760 fl.
1661 719 1785 760 fecit.

471 778 565 818 Hoc
594 777 784 828 Lyceum
810 789 884 828 per
924 776 1154 829 Josephum
1186 779 1236 819 11.
1265 778 1480 819 sublatum
1510 776 1687 831 quidem
1714 776 1783 816 fu-

472 835 521 882 it,
551 838 645 884 post
674 839 857 873 mortem
887 838 1032 881 tamen
1059 835 1194 884 ipsius
1225 849 1368 875 rui-sus
1383 838 1674 875 restauratum
1696 838 1776 873 est.

473 889 581 940 Ejus
612 901 850 940 supremam
879 888 1182 929 Directionem
1205 891 1336 942 ‘juxta
1360 896 1549 931 mentem
1579 887 1782 928 Testato-

471 946 561 992 ris„
592 942 721 985 Curia
755 943 892 999 Regia
925 947 1036 986 Suae
1071 944 1326 998 Majestatis
1353 946 1438 986 sibi
1468 946 1675 987 creditam
1705 944 1785 985 ha-

475 999 574 1049 bet‚
606 1007 654 1040 ut
684 1007 806 1053 patet
833 1014 889 1042 ex
917 1003 1015 1043 1741
1039 1016 1049 1042 t
1089 1008 1158 1042 44.

361 1053 434 1102 M]
470 1052 909 1109 Quinque-Ecclesiis
935 1070 1046 1097 nnno
1081 1059 1200 1099 1832.
1233 1061 1425 1109 apertum
1456 1060 1523 1097 est
1548 1055 1785 1110 Lycaeum,

471 1113 585 1164 quod
625 1113 845 1162 praeclara
886 1112 1152 1154 iiberalitate
1191 1113 1482 1154 illustrissimi
1510 1112 1682 1153 Domini
1706 1111 1783 1152 Li·

470 1169 561 1208 beri
579 1167 773 1217 Bai-onis,
802 1170 963 1224 Ignatii
992 1167 1166 1223 Szepesi
1188 1201 1198 1214 ,
1222 1170 1418 1223 Episcopi
1438 1168 1631 1224 ejusdem
1647 1167 1785 1208 Dine·

479 1226 587 1265 cesis
603 1226 617 1274 ,'
646 1225 870 1266 fundatum
897 1231 979 1266 est.

999 1365 1037 1428 ᾗ.
1085 1370 1163 1414 78.

565 1505 925 1563 Unci-emitas
960 1503 1156 1579 Regia
1195 1503 1592 1562 »scientiarum

509 1637 841 1686 Universitas
878 1637 1057 1702 Regia
1097 1634 1497 1696 Scientiarum,
1525 1639 1637 1684 sive
1665 1634 1787 1684 Stu-

367 1705 617 1765 diorum,
658 1708 801 1754 initio
844 1724 958 1753 suae
998 1705 1305 1753 fundationis
1335 1707 1536 1753 Jesuitis
1583 1722 1783 1752 concre—

365 1777 464 1823 dita
506 1787 639 1833 erat,
677 1792 854 1821 verum
887 1774 1054 1822 deleto
1083 1793 1261 1822 eorum
1291 1774 1466 1822 ordine
1495 1774 1693 1836 (1773.)
1724 1773 1785 1819 ad

365 1844 488 1892 hanc
534 1845 927 1890 Universitatem
976 1843 1291 1898 Professores
1335 1860 1398 1889 ex
1451 1841 1594 1889 Statu
1637 1842 1784 1888 Civili

364 1928 571 1978 quoque
609 1913 851 1977 applicari
881 1921 1169 1978 coeperunt.
1208 1910 1266 1977 ³⁵)
1297 1910 1545 1976 Josephus
1574 1911 1636 1957 II.
1667 1911 1783 1958 Cul-

365 1991 506 2028 turae
538 1980 932 2040 amantissimus,
971 1991 1021 2027 et
1057 1982 1164 2046 ipse
1201 1996 1406 2047 quoque
1449 1979 1784 2035 cultissimus,

365 2051 414 2096 in
434 2047 523 2095 hac
550 2048 871 2095 universitate
901 2048 1206 2112 peculiarem
1239 2046 1536 2096 Studiorum
1556 2045 1785 2096 ordinem

366 2115 673 2175 introduxit,
698 2114 907 2163 eandem
934 2115 1307 2164 professoribus
1340 2114 1601 2181 pluribus,
1639 2126 1690 2162 et
1714 2116 1787 2160 in-

368 2195 446 2233 ter
476 2183 567 2233 hos
594 2183 790 2231 duobus
832 2201 893 2230 ex
925 2182 1185 2250 Religione
1227 2184 1646 2247 Evangelicorum
1685 2184 1784 2230 Au·

369 2264 609 2321 gustanae
649 2251 1005 2311 Confessionis,
1041 2251 1312 2312 ampliavit.
1354 2251 1668 2317 Professores
1705 2251 1786 2298 ad-

369 2323 527 2370 auctis
571 2320 810 2376 Salariis‚
865 2320 1124 2368 Discentes
1171 2320 1469 2369 introductis
1520 2320 1792 2386 Stipendiis

369 2389 432 2438 ad
463 2388 707 2453 majorem
739 2389 1048 2456 diligentiam
1082 2389 1436 2437 exstimulavit.
1472 2416 1539 2425 —
1575 2390 1787 2447 Univer-

369 2459 486 2506 sitas
514 2457 632 2506 haec
663 2457 811 2505 habet
841 2474 985 2504 suum
1015 2456 1332 2507 Prae-sidem
1362 2469 1416 2506 et
1448 2460 1611 2506 Vice-
1633 2460 1790 2505 Prae-

370 2523 576 2584 sidem,
611 2528 731 2573 item
773 2527 1183 2590 Magistratum
1227 2525 1662 2587 Academicum,
1700 2528 1785 2591 qui

371 2612 476 2643 uno
525 2596 752 2644 Hectore
796 2597 1136 2659 Magmfico,
1185 2607 1404 2661 quatvor
1448 2596 1693 2658 Decanis‚
1743 2606 1794 2641 et

371 2673 592 2728 quatvor
623 2663 931 2714 Senioribus
966 2665 1332 2713 Facultatum
1359 2674 1566 2714 constat.
1600 2691 1664 2718 -,-
1694 2664 1790 2710 Pro

371 2730 612 2780 docendis
643 2745 859 2799 quatvor
896 2732 1229 2782 Scientiarum
1269 2733 1610 2783 Facultatibus
1645 2731 1793 2779 habet

372 2804 452 2848 48.
496 2800 767 2850 Cathedras
809 2801 1100 2861 destinatas,
1135 2812 1393 2870 praeterea
1439 2800 1567 2850 duos
1597 2798 1789 2866 Adjun·

368 2877 477 2918 ctos
508 2879 559 2919 et
594 2886 681 2918 sex
716 2870 1028 2920 Assistentes.
1068 2870 1275 2939 Singula
1302 2869 1618 2920 Facultatum
1647 2867 1796 2917 habet
