1897 3440
677 254 1040 299 -249—

732 386 768 438 x5
817 391 926 435 173..

181 498 251 552 V.
308 493 453 550 Jura
493 494 661 550 Fz‘sci
694 490 878 564 Regii
913 495 1072 546 circa
1112 489 1513 544 Successae'ones.

280 607 418 664 Quae
447 603 507 651 de
535 601 878 670 proventibus,
916 612 965 649 et
999 601 1143 649 bonis
1171 601 1354 664 Regiis,
1373 602 1422 647 et
1454 600 1556 646 Re·

136 676 219 739 gni
249 673 450 739 (Capite
488 673 603 720 vlu
640 671 754 719 Sect
775 670 830 732 Ι.)
850 671 1049 717 uberius
1083 668 1211 717 dicta
1239 678 1367 724 sunt,
1396 685 1449 714 ea
1476 666 1554 716 hie

146 759 353 809 quoque
404 746 470 787 ita
531 739 878 805 intelligenda,
910 748 958 785 et
987 736 1279 803 applicanda
1324 736 1554 791 veniunt,

140 811 279 875 quod
307 810 472 856 Fiscus
505 808 693 872 Regius
723 810 906 853 intuitu
933 807 1157 853 omnium
1188 821 1365 853 eorum
1402 803 1555 850 actio-

143 896 260 925 nem
306 888 355 922 et
386 886 661 923 actoratum
694 875 884 923 habeat.
913 901 981 911 —
1004 874 1332 938 Praecipuum
1359 887 1553 919 succes-

147 945 299 994 sionis
334 942 458 991 Fisci
504 943 643 1008 Regii
682 943 904 1004 fontem,
945 940 1196 989 defectum
1233 957 1364 998 esse,
1409 956 1470 987 ex
1499 954 1557 987 eo

143 1023 313 1079 patet,
363 1010 499 1076 quod
541 1011 849 1077 amplissima
895 1011 1027 1057 bona
1077 1009 1162 1056 illa
1185 1046 1197 1067 ‚
1249 1023 1377 1074 quae
1427 1024 1561 1055 nune

150 1098 243 1146 per
277 1081 504 1139 Fiscum‚
558 1096 613 1126 ac
645 1079 920 1142 respective
963 1093 1053 1142 per
1084 1077 1346 1124 Excelsam
1387 1075 1560 1121 Came.

147 1167 255 1195 ram
281 1148 504 1212 Regiam,
534 1144 876 1210 possidentur,
903 1155 953 1192 et
982 1144 1044 1191 ab
1072 1146 1343 1209 antiquitus
1368 1141 1562 1190 confer·

145 1218 189 1263 ri
225 1213 480 1273 solebant,
518 1224 666 1277 atque
702 1232 831 1261 nunc
862 1215 1008 1260 etiam
1040 1230 1187 1277 saepe
1213 1211 1560 1270 conferuntur,

144 1282 463 1348 potissimum
494 1279 588 1328 hoc
617 1281 765 1329 titulo
796 1280 856 1328 ad
884 1282 1081 1329 Fiscum
1113 1281 1323 1345 Regium
1351 1276 1563 1325 devolu-

89 1402 96 1411 ,
141 1361 192 1396 ta
239 1349 535 1396 exstiterint.
590 1350 724 1396 Bona
757 1367 818 1396 ex
848 1348 1043 1397 defectu
1070 1348 1250 1396 caduca
1264 1384 1282 1407 .‚
1319 1349 1423 1394 sive
1457 1346 1560 1391 Ca-

141 1415 431 1476 ducitates,
460 1415 519 1462 ad
537 1417 732 1464 Fiscum
765 1418 978 1481 Regium
1012 1416 1289 1473 devolutas,
1319 1424 1562 1468 recentes,

148 1498 200 1533 et
230 1484 516 1541 manifesta,
537 1484 864 1548 apprehendit
898 1485 1065 1531 Fiscus
1093 1484 1152 1529 R.
1185 1485 1261 1529 via
1292 1481 1436 1541 facti,
1475 1479 1562 1528 sed

145 1552 350 1612 dubias,
389 1553 644 1616 antiquas,
681 1564 729 1598 et
760 1554 808 1597 in
835 1553 1011 1616 primis
1039 1555 1102 1598 32
1139 1567 1296 1598 annos
1325 1547 1562 1597 exceden-
1595 1592 1598 1597 .

146 1631 258 1679 tes,
295 1621 493 1666 nonnisi
537 1637 705 1666 coram
734 1628 1049 1683 competente
1083 1617 1287 1675 Judice,
1325 1619 1402 1664 via
1433 1615 1559 1682 juris

149 1686 414 1736 ordinaria.
460 1692 584 1738 1715
609 1705 618 1733 z
645 1693 721 1735 25.
748 1691 824 1735 26.
842 1687 1098 1734 Successio
1131 1686 1271 1743 Fisci‚
1299 1702 1392 1750 pro
1411 1685 1563 1730 ratio·

147 1773 210 1802 ne
242 1755 465 1820 legums
490 1772 619 1820 quae
666 1757 803 1803 Fisco
837 1755 1199 1802 successionem
1250 1754 1299 1798 in
1355 1750 1562 1797 diversis

148 1823 299 1871 bonis
335 1823 770 1887 donationalibus2
805 1820 1369 1878 extradonationalibus‚
1406 1818 1562 1866 mobi-

144 1889 276 1937 libus
299 1927 311 1950 ,
348 1902 396 1938 et
428 1890 770 1938 immobilibus
793 1928 804 1950 ‚
842 1893 998 1954 iisque
1039 1891 1255 1946 viticis,
1290 1887 1366 1934 vei
1396 1889 1559 1950 acqui-

148 1960 254 2006 sitis
290 1958 549 2015 deferunt,
593 1959 653 2005 ad
692 1970 982 2023 sequentem
1024 1957 1306 2019 generalem
1334 1958 1561 2018 reguiam

145 2025 428 2074 reducitur:
479 2025 785 2090 ubicunque
827 2027 966 2073 alter
1018 2022 1237 2087 legalis,
1260 2022 1368 2068 'vel
1397 2031 1560 2068 testa·

154 2095 458 2141 mentarius
488 2092 635 2141 heres
658 2093 832 2152 deest,
892 2093 968 2140 ibi
1022 2088 1289 2139 successio
1322 2091 1465 2137 Fisci
1497 2090 1557 2138 R.

148 2159 313 2209 habet
346 2161 544 2209 locum.
582 2163 738 2210 Sensu
776 2164 903 2209 Part.
934 2163 981 2207 I:
1020 2170 1074 2207 tt.
1119 2163 1197 2209 10.

284 2230 408 2288 Quia
446 2241 609 2277 tamen
638 2230 808 2293 regula
847 2230 964 2275 haec
1001 2226 1143 2274 valde
1175 2225 1420 2292 generalis
1455 2234 1555 2284 est,

145 2298 259 2346 hinc
303 2298 363 2344 de
406 2296 496 2346 hac
538 2297 778 2345 nonnuila
811 2298 858 2342 in
896 2297 1058 2362 specie
1086 2296 1356 2360 attingere,
1394 2302 1445 2341 et
1474 2310 1555 2341 ex·

147 2367 402 2430 ceptiones
428 2366 538 2412 illas
569 2383 788 2431 quoque,
821 2366 936 2411 dum
968 2364 1133 2409 Fiscus
1159 2362 1342 2428 Regius
1369 2378 1558 2410 succes·

146 2436 282 2481 sione
310 2444 505 2492 careat,
536 2435 801 2489 observare
828 2432 1036 2494 juvabit.
1072 2431 1259 2495 Igitur,

152 2502 166 2518 ⁷
354 2507 397 2548 1.
435 2503 548 2549 Non
575 2502 792 2550 succedit
820 2503 986 2547 Fiscus
1019 2500 1199 2564 Regius
1233 2498 1283 2543 in
1320 2496 1474 2543 Bonis
1511 2506 1563 2544 et

149 2567 345 2634 juribus
389 2569 719 2628 virtualibus,
771 2570 885 2634 quia
934 2566 1019 2614 ille
1062 2567 1228 2620 solum
1270 2562 1475 2630 legalis,
1510 2575 1560 2612 et

145 2654 248 2685 non
276 2640 659 2701 propagativus,
693 2638 836 2684 heres
872 2646 959 2682 est.
997 2635 1125 2681 Part.
1164 2635 1216 2680 I:
1248 2642 1302 2678 tt.
1340 2637 1423 2681 27.

355 2710 401 2753 2.
453 2704 669 2763 Civibus,
695 2705 862 2752 Fiscus
897 2704 1118 2760 Civicus,
1157 2701 1242 2767 qui
1278 2702 1428 2746 etiam
1458 2700 1559 2748 No-

150 2771 334 2820 biiibus
353 2809 365 2831 ,
392 2771 675 2831 Liber-unis,
709 2785 756 2820 et
787 2769 1204 2819 iionoratioribus
1228 2769 1276 2814 in
1296 2767 1463 2814 fundis
1493 2770 1556 2816 ci·

146 2841 291 2901 vicis,
338 2867 401 2875 —-
445 2858 541 2888 non
586 2843 701 2889 item
756 2843 803 2888 in
847 2856 1022 2887 eorum
1060 2837 1206 2885 rebus
1256 2834 1556 2900 mobilibus]‚
